Details,Posting Date,Description,Amount,Type,Balance,Check or Slip #
DEBIT,12/31/2024,"AES IN/EZP       UTILITYPMT 5066207         WEB ID: 0000007041",-244.93,ACH_DEBIT,1158.68,,
DEBIT,12/31/2024,"PAYPAL           INST XFER  GODADDY.COM     WEB ID: PAYPALSI77",-7.16,ACH_DEBIT,1403.61,,
DEBIT,12/31/2024,"PAYPAL           INST XFER  CLINEAVENUE     WEB ID: PAYPALSI77",-55.77,ACH_DEBIT,1410.77,,
DEBIT,12/31/2024,"BARRE DEFINITION BARREDEFINITI CA            12/31",-59.99,DEBIT_CARD,1466.54,,
DEBIT,12/31/2024,"STARBUCKS 800-782-728 800-782-7282 WA        12/31",-20.00,DEBIT_CARD,1526.53,,
DEBIT,12/31/2024,"THE WEST WIND NAIL CARE CARMEL IN            12/30",-33.75,DEBIT_CARD,1546.53,,
DEBIT,12/31/2024,"SP IGK HAIR HTTPSWWW.IGKH FL                 12/31",-146.64,DEBIT_CARD,1580.28,,
DEBIT,12/30/2024,"KROGER #3 10679 N MICH ZIONSVILLE IN         12/30",-21.63,DEBIT_CARD,1726.92,,
DEBIT,12/30/2024,"PAYPAL           INST XFER  GODADDY.COM     WEB ID: PAYPALSI77",-32.99,ACH_DEBIT,1748.55,,
DEBIT,12/30/2024,"PAYPAL           INST XFER  LYFT RIDE SAT 8 WEB ID: PAYPALSI77",-14.10,ACH_DEBIT,1781.54,,
DEBIT,12/30/2024,"PAYPAL           INST XFER  GODADDY.COM     WEB ID: PAYPALSI77",-42.16,ACH_DEBIT,1795.64,,
DEBIT,12/30/2024,"AMAZON MKTPL*ZP76M38 Amzn.com/bill WA        12/30",-30.48,DEBIT_CARD,1837.80,,
DEBIT,12/30/2024,"APPLE.COM/BILL 866-712-7753 CA               12/29",-38.35,DEBIT_CARD,1868.28,,
DEBIT,12/30/2024,"PELOTON* MEMBERSHIP HTTPSWWW.ONEP NY         12/28",-44.00,DEBIT_CARD,1906.63,,
DEBIT,12/30/2024,"SP LASHIFY INC HTTPSWWW.LASH CA              12/28",-53.50,DEBIT_CARD,1950.63,,
DEBIT,12/30/2024,"SPOT & TANGO WWW.SPOTANDTA NY                12/28",-228.48,DEBIT_CARD,2004.13,,
DEBIT,12/30/2024,"BDH MANAGEMENT INC INDIANAPOLIS IN           12/28",-37.08,DEBIT_CARD,2232.61,,
DEBIT,12/30/2024,"Disney Plus 888-9057888 CA                   12/28",-12.00,DEBIT_CARD,2269.69,,
DEBIT,12/30/2024,"HOPLARK.COM HOPLARK.COM NY                   12/28",-85.17,DEBIT_CARD,2281.69,,
DEBIT,12/30/2024,"AMAZON MKTPL*ZE0DE5L Amzn.com/bill WA        12/28",-106.99,DEBIT_CARD,2366.86,,
DEBIT,12/30/2024,"TST* PETITE CHOU BIST INDIANAPOLIS IN        12/27",-110.36,DEBIT_CARD,2473.85,,
DEBIT,12/30/2024,"SP HALFPRICEDRAPES HTTPSWWW.HALF CA          12/27",-280.75,DEBIT_CARD,2584.21,,
DEBIT,12/30/2024,"IKEA 468367152 888-434-4532 MD               12/29",21.40,DEBIT_CARD,2864.96,,
DEBIT,12/27/2024,"PAYPAL           INST XFER  PIMSLEURSUB     WEB ID: PAYPALSI77",-22.42,ACH_DEBIT,2843.56,,
DEBIT,12/27/2024,"PAYPAL           INST XFER  PARKMOBILE      WEB ID: PAYPALSI77",-3.85,ACH_DEBIT,2865.98,,
DEBIT,12/27/2024,"PAYPAL           INST XFER  GOOGLE YOUTUBE  WEB ID: PAYPALSI77",-22.99,ACH_DEBIT,2869.83,,
DEBIT,12/27/2024,"PROG PALOVERDE   INS PREM   905147028 Krist WEB ID: 9409348039",-393.64,ACH_DEBIT,2892.82,,
DEBIT,12/27/2024,"APPLE.COM/BILL 866-712-7753 CA               12/27",-48.12,DEBIT_CARD,3286.46,,
DEBIT,12/27/2024,"Online Payment 22851642659 To Auto Loan 1101 12/27",-2000.00,LOAN_PMT,3334.58,,
DEBIT,12/27/2024,"Credit One Bank  Payment    53394349        WEB ID: WEB000004",-10.65,ACH_DEBIT,5334.58,,
DEBIT,12/27/2024,"FLOW WATER USA FLOWHYDRATION VA              12/27",-68.37,DEBIT_CARD,5345.23,,
DEBIT,12/27/2024,"IKEA 468367152 888-434-4532 MD               12/26",-21.40,DEBIT_CARD,5413.60,,
CREDIT,12/27/2024,"GRAINGER CORPORA DIRECT DEP                 PPD ID: 9111111101",5190.14,ACH_CREDIT,5435.00,,
DEBIT,12/26/2024,"SP ANDREWPETFLY STORE KORUMBURRA             12/25",-136.00,DEBIT_CARD,244.86,,
DEBIT,12/26/2024,"SP JOHNMOUTAIN.STORE TURNER                  12/25",-73.00,DEBIT_CARD,380.86,,
DEBIT,12/26/2024,"SP ANNECLOTHING STORE ILLAWONG               12/25",-110.00,DEBIT_CARD,453.86,,
DEBIT,12/24/2024,"AMAZON MKTPL*Z98C68B Amzn.com/bill WA        12/24",-68.44,DEBIT_CARD,563.86,,
DEBIT,12/24/2024,"AMAZON MKTPL*ZE2FI38 Amzn.com/bill WA        12/24",-13.90,DEBIT_CARD,632.30,,
DEBIT,12/24/2024,"AMZN Mktp US*Z91BH2Y Amzn.com/bill WA        12/23",-96.29,DEBIT_CARD,646.20,,
DEBIT,12/24/2024,"CRT LEXINGTON LAW 800-341-8441 UT            12/23",-139.95,DEBIT_CARD,742.49,,
DEBIT,12/23/2024,"AffirmCard       564N AFFRM                 PPD ID: 1842224323",-39.99,MISC_DEBIT,882.44,,
DEBIT,12/23/2024,"PAYPAL           INST XFER  HULU            WEB ID: PAYPALSI77",-18.99,ACH_DEBIT,922.43,,
DEBIT,12/23/2024,"TACO BELL 3001016 SPEEDWAY IN                12/22",-15.43,DEBIT_CARD,941.42,,
DEBIT,12/23/2024,"ACT*Carmel Clay Parks 317-8487275 IN         12/22",-48.00,DEBIT_CARD,956.85,,
DEBIT,12/23/2024,"WEST CLAY WINE & SPIRIT CARMEL IN            12/21",-160.48,DEBIT_CARD,1004.85,,
DEBIT,12/23/2024,"APPLE.COM/BILL 866-712-7753 CA               12/21",-10.69,DEBIT_CARD,1165.33,,
DEBIT,12/23/2024,"ENDEAVOR COMMUNI TELE BILL                  PPD ID: 1350978228",-79.99,ACH_DEBIT,1176.02,,
DEBIT,12/23/2024,"FSP*URBAN SOCIETY SALON CARMEL IN            12/20",-262.21,DEBIT_CARD,1256.01,,
DEBIT,12/23/2024,"DD *DOORDASH CAFEPATA 855-431-0459 CA        12/21",-35.99,DEBIT_CARD,1518.22,,
DEBIT,12/20/2024,"WHOLEFDS CRL 104 14598 CARMEL IN     052055  12/20",-306.79,DEBIT_CARD,1554.21,,
DEBIT,12/20/2024,"WITHDRAWAL 12/20",-2400.00,MISC_DEBIT,1861.00,,
DEBIT,12/20/2024,"LOWE'S #1525 CARMEL IN               030429  12/20",-159.43,DEBIT_CARD,4261.00,,
DEBIT,12/20/2024,"AffirmCard       564K AFFRM                 PPD ID: 1842224323",-35.00,MISC_DEBIT,4420.43,,
DEBIT,12/20/2024,"DD *DOORDASHDASHPASS WWW.DOORDASH. CA        12/20",-96.00,DEBIT_CARD,4455.43,,
DEBIT,12/20/2024,"Deere Credit Ser PAYMENTS   7900000931623JF WEB ID: 7935336000",-642.55,ACH_DEBIT,4551.43,,
DEBIT,12/20/2024,"THE WEST WIND NAIL CARE CARMEL IN            12/19",-78.75,DEBIT_CARD,5193.98,,
DEBIT,12/20/2024,"MCDONALD'S F33737 MOORESVILLE IN             12/19",-14.23,DEBIT_CARD,5272.73,,
DEBIT,12/20/2024,"AMAZON MKTPL*Z91JZ0Z Amzn.com/bill WA        12/20",-18.18,DEBIT_CARD,5286.96,,
DEBIT,12/20/2024,"AMAZON MKTPL*Z13IP62 Amzn.com/bill WA        12/19",-47.08,DEBIT_CARD,5305.14,,
DEBIT,12/20/2024,"AMAZON MKTPL*Z96DG7J Amzn.com/bill WA        12/20",-11.77,DEBIT_CARD,5352.22,,
CREDIT,12/20/2024,"Online Transfer from CHK ...9516 transaction#: 23120912866",2000.00,ACCT_XFER,5363.99,,
DEBIT,12/19/2024,"ACTBLUE* MAD.DOG.PAC HTTPSSECURE.A MA        12/19",-10.00,DEBIT_CARD,3363.99,,
DEBIT,12/19/2024,"CABELA'S ONLINE U.S. 417-873-5000 MO         12/18",-149.79,DEBIT_CARD,3373.99,,
DEBIT,12/19/2024,"ARAMARK IU NORTH COFFEE CARMEL IN            12/18",-8.22,DEBIT_CARD,3523.78,,
DEBIT,12/19/2024,"AMZN Mktp US*Z974G31 Amzn.com/bill WA        12/18",-13.34,DEBIT_CARD,3532.00,,
DEBIT,12/19/2024,"THRIFT BOOKS GLOBAL, LL 2532752241 WA        12/19",-41.66,DEBIT_CARD,3545.34,,
DEBIT,12/18/2024,"FARMER'S FRIDGE 3122290099 IL                12/18",-19.45,DEBIT_CARD,3587.00,,
DEBIT,12/18/2024,"SERVICE FINANCE  PAYMENTS                   PPD ID: 2201934942",-200.00,ACH_DEBIT,3606.45,,
DEBIT,12/18/2024,"AMAZON MKTPL*Z12ZP27 Amzn.com/bill WA        12/18",-46.20,DEBIT_CARD,3806.45,,
DEBIT,12/18/2024,"TST*SAHMS ALE HOUSE VIL Fishers IN           12/17",-37.08,DEBIT_CARD,3852.65,,
DEBIT,12/18/2024,"AMAZON MKTPL*Z15716X Amzn.com/bill WA        12/18",-18.99,DEBIT_CARD,3889.73,,
DEBIT,12/18/2024,"AMAZON MKTPL*Z11OD7X Amzn.com/bill WA        12/18",-49.20,DEBIT_CARD,3908.72,,
DEBIT,12/18/2024,"KOHL'S #1178 CARMEL IN                       12/17",-138.73,DEBIT_CARD,3957.92,,
DEBIT,12/18/2024,"MCDONALD'S F2614 INDIANAPOLIS IN             12/17",-12.19,DEBIT_CARD,4096.65,,
DEBIT,12/18/2024,"AMAZON MKTPL*Z15ZT77 Amzn.com/bill WA        12/18",-22.35,DEBIT_CARD,4108.84,,
DEBIT,12/18/2024,"CHICK-FIL-A #04978 CARMEL IN                 12/16",-23.96,DEBIT_CARD,4131.19,,
DEBIT,12/17/2024,"PAYPAL           INST XFER  UBER            WEB ID: PAYPALSI77",-7.00,ACH_DEBIT,4155.15,,
DEBIT,12/17/2024,"PAYPAL           INST XFER  UBER            WEB ID: PAYPALSI77",-28.31,ACH_DEBIT,4162.15,,
DEBIT,12/17/2024,"PADDLE.NET* CLIPDROP PADDLE.COM NY           12/17",-9.00,DEBIT_CARD,4190.46,,
DEBIT,12/17/2024,"TST*DANNY BOY BEER WORK Carmel IN            12/16",-29.74,DEBIT_CARD,4199.46,,
DEBIT,12/17/2024,"UBER   *EATS HELP.UBER.COM CA                12/16",-19.64,DEBIT_CARD,4229.20,,
CREDIT,12/17/2024,"WW Grainger Inc  EDI PYMNTS 2011552790      CTX ID: 3361150280",1025.76,ACH_CREDIT,4248.84,,
DEBIT,12/16/2024,"AffirmCard       564G AFFRM                 PPD ID: 1842224323",-85.00,MISC_DEBIT,3223.08,,
DEBIT,12/16/2024,"Online Transfer to CHK ...9516 transaction#: 23069340717 12/16",-13000.00,ACCT_XFER,3308.08,,
DEBIT,12/16/2024,"Online Payment 22720351578 To Richard Crone 12/16",-250.00,BILLPAY,16308.08,,
DEBIT,12/16/2024,"APPLE.COM/BILL 866-712-7753 CA               12/16",-3.20,DEBIT_CARD,16558.08,,
DEBIT,12/16/2024,"PAYPAL           INST XFER  GOOGLE GOOGLE O WEB ID: PAYPALSI77",-9.99,ACH_DEBIT,16561.28,,
DEBIT,12/16/2024,"PAYPAL           INST XFER  NETFLIX.COM     WEB ID: PAYPALSI77",-22.99,ACH_DEBIT,16571.27,,
DEBIT,12/16/2024,"APPLE.COM/BILL 866-712-7753 CA               12/16",-26.74,DEBIT_CARD,16594.26,,
DEBIT,12/16/2024,"SP DETAIL GEEK AUTO REGINA SK                12/15",-110.00,DEBIT_CARD,16621.00,,
DEBIT,12/16/2024,"MCDONALD'S F2657 NOBLESVILLE IN              12/15",-17.81,DEBIT_CARD,16731.00,,
DEBIT,12/16/2024,"APPLE.COM/BILL 866-712-7753 CA               12/14",-32.09,DEBIT_CARD,16748.81,,
DEBIT,12/16/2024,"CHICK-FIL-A #04978 CARMEL IN                 12/14",-18.46,DEBIT_CARD,16780.90,,
DEBIT,12/16/2024,"STARBUCKS 800-782-728 800-782-7282 WA        12/14",-20.00,DEBIT_CARD,16799.36,,
DEBIT,12/16/2024,"SP PENDULUM THERAPEU HTTPSPENDULUM CA        12/14",-71.69,DEBIT_CARD,16819.36,,
DEBIT,12/16/2024,"DEPT EDUCATION   STUDENT LN                 PPD ID: 9102002505",-1111.95,ACH_DEBIT,16891.05,,
DEBIT,12/16/2024,"ACT*Carmel Clay Parks 317-8487275 IN         12/14",-32.00,DEBIT_CARD,18003.00,,
DEBIT,12/16/2024,"SQ *MY SUGAR PIE Zionsville IN               12/13",-35.87,DEBIT_CARD,18035.00,,
DEBIT,12/16/2024,"MAYO CLINIC DIET DIET.MAYOCLIN NY            12/13",-19.99,DEBIT_CARD,18070.87,,
DEBIT,12/16/2024,"ZING! CAFE  LLC CARMEL IN                    12/13",-13.27,DEBIT_CARD,18090.86,,
DEBIT,12/16/2024,"CHICK-FIL-A #04978 CARMEL IN                 12/13",-15.63,DEBIT_CARD,18104.13,,
DEBIT,12/16/2024,"CHICK-FIL-A #04978 CARMEL IN                 12/12",-13.18,DEBIT_CARD,18119.76,,
CREDIT,12/16/2024,"PAYPAL           TRANSFER                   PPD ID: PAYPALSD11",1.18,ACH_CREDIT,18132.94,,
DEBIT,12/13/2024,"Online Transfer to CHK ...9516 transaction#: 23043059987 12/13",-1000.00,ACCT_XFER,18131.76,,
DEBIT,12/13/2024,"TST*SAHMS ALE HOUSE VIL Fishers IN           12/12",-23.59,DEBIT_CARD,19131.76,,
DEBIT,12/13/2024,"STARBUCKS 800-782-728 800-782-7282 WA        12/12",-20.00,DEBIT_CARD,19155.35,,
DEBIT,12/13/2024,"CHICK-FIL-A #04978 CARMEL IN                 12/11",-10.02,DEBIT_CARD,19175.35,,
CREDIT,12/13/2024,"GRAINGER CORPORA DIRECT DEP                 PPD ID: 9111111101",5190.14,ACH_CREDIT,19185.37,,
DEBIT,12/12/2024,"OPENAI *CHATGPT SUBS HTTPSOPENAI.C CA        12/12",-20.00,DEBIT_CARD,13995.23,,
DEBIT,12/12/2024,"AMAZON MKTPL*ZX4MG5Y Amzn.com/bill WA        12/12",-19.25,DEBIT_CARD,14015.23,,
DEBIT,12/12/2024,"APPLE.COM/BILL 866-712-7753 CA               12/12",-10.69,DEBIT_CARD,14034.48,,
DEBIT,12/12/2024,"SP MYPAUME.COM TORONTO ON                    12/11",-83.52,DEBIT_CARD,14045.17,,
DEBIT,12/12/2024,"ARAMARK IU NORTH COFFEE CARMEL IN            12/11",-3.58,DEBIT_CARD,14128.69,,
DEBIT,12/12/2024,"CHICK-FIL-A #01939 CARMEL IN                 12/10",-19.55,DEBIT_CARD,14132.27,,
DEBIT,12/12/2024,"Nyx*NAYAX VENDING 50 HUNT VALLEY MD          12/10",-1.50,DEBIT_CARD,14151.82,,
DEBIT,12/12/2024,"Amazon.com*ZX2QR9U12 Amzn.com/bill WA        12/11",-89.47,DEBIT_CARD,14153.32,,
DEBIT,12/11/2024,"PAYPAL           INST XFER  FARMERSFRID     WEB ID: PAYPALSI77",-42.31,ACH_DEBIT,14242.79,,
DEBIT,12/11/2024,"WHO GIVES A CRAP, IN US.WHOGIVESAC NY        12/11",-72.76,DEBIT_CARD,14285.10,,
DEBIT,12/10/2024,"Online Transfer to CHK ...9516 transaction#: 23003429337 12/10",-200.00,ACCT_XFER,14357.86,,
DEBIT,12/10/2024,"Online Transfer to CHK ...9516 transaction#: 23003405877 12/10",-700.00,ACCT_XFER,14557.86,,
CREDIT,12/10/2024,"IN CHILD SUPPORT IN18000         0007886214 CCD ID: 1356000158",290.00,ACH_CREDIT,15257.86,,
CREDIT,12/10/2024,"BRB UPL          LOAN                       PPD ID: 9088597265",13501.50,MISC_CREDIT,14967.86,,
DEBIT,12/09/2024,"AffirmCard       5649 AFFRM                 PPD ID: 1842224323",-35.00,MISC_DEBIT,1466.36,,
DEBIT,12/09/2024,"Experian* Credit Repor 479-3436237 CA        12/09",-24.99,DEBIT_CARD,1501.36,,
DEBIT,12/09/2024,"AMAZON MKTPL*ZX04S3N Amzn.com/bill WA        12/09",-29.95,DEBIT_CARD,1526.35,,
DEBIT,12/09/2024,"AMC 4259 PLAINFIELD 18 PLAINFIELD IN         12/07",-23.94,DEBIT_CARD,1556.30,,
DEBIT,12/09/2024,"AMAZON MKTPL*ZR4C29R Amzn.com/bill WA        12/08",-12.83,DEBIT_CARD,1580.24,,
DEBIT,12/09/2024,"CHICK-FIL-A #01939 CARMEL IN                 12/07",-22.12,DEBIT_CARD,1593.07,,
DEBIT,12/09/2024,"AMC 9640 ONLINE 888-440-4262 KS              12/08",-72.93,DEBIT_CARD,1615.19,,
DEBIT,12/09/2024,"APPLE.COM/BILL 866-712-7753 CA               12/08",-8.99,DEBIT_CARD,1688.12,,
DEBIT,12/09/2024,"TST*SAHMS ALE HOUSE VIL Fishers IN           12/06",-21.24,DEBIT_CARD,1697.11,,
DEBIT,12/09/2024,"TST* CAFE PATACHOU CLAY CARMEL IN            12/06",-27.25,DEBIT_CARD,1718.35,,
DEBIT,12/09/2024,"ZING! CAFE  LLC CARMEL IN                    12/06",-5.50,DEBIT_CARD,1745.60,,
DEBIT,12/09/2024,"APPLE.COM/BILL 866-712-7753 CA               12/07",-21.39,DEBIT_CARD,1751.10,,
DEBIT,12/06/2024,"BUSINESSOLVER BE 8775476257                 PPD ID: 1421503807",-1115.03,ACH_DEBIT,1772.49,,
DEBIT,12/06/2024,"AES PLUS AES.COM VA                          12/06",-96.60,DEBIT_CARD,2887.52,,
DEBIT,12/06/2024,"SQ *WESTFIELD WINE VAUL Westfield IN         12/05",-24.52,DEBIT_CARD,2984.12,,
DEBIT,12/06/2024,"DD *DOORDASH BUBSBURG 855-431-0459 CA        12/06",-33.82,DEBIT_CARD,3008.64,,
DEBIT,12/06/2024,"WEST CLAY WINE & SPIRIT CARMEL IN            12/05",-32.09,DEBIT_CARD,3042.46,,
DEBIT,12/06/2024,"TST*SAHMS ALE HOUSE V 317-430-3292 IN        12/06",-17.70,DEBIT_CARD,3074.55,,
DEBIT,12/06/2024,"MCDONALD'S F33737 MOORESVILLE IN             12/05",-7.42,DEBIT_CARD,3092.25,,
DEBIT,12/05/2024,"VENMO            REPAYMENT  1038704330848   WEB ID: 3364681992",-1670.92,ACH_DEBIT,3099.67,,
DEBIT,12/05/2024,"FSP*URBAN SOCIETY SALON CARMEL IN            12/04",-340.72,DEBIT_CARD,4770.59,,
DEBIT,12/05/2024,"ZING! CAFE  LLC CARMEL IN                    12/04",-7.32,DEBIT_CARD,5111.31,,
DEBIT,12/04/2024,"PAYPAL           INST XFER  GODADDY.COM     WEB ID: PAYPALSI77",-21.99,ACH_DEBIT,5118.63,,
DEBIT,12/04/2024,"AffirmCard       5644 AFFRM                 PPD ID: 1842224323",-239.10,MISC_DEBIT,5140.62,,
DEBIT,12/04/2024,"PAYPAL           INST XFER  LLBEANINC       WEB ID: PAYPALSI77",-180.99,ACH_DEBIT,5379.72,,
DEBIT,12/04/2024,"AMAZON MKTPL*ZL6QM4E Amzn.com/bill WA        12/04",-33.53,DEBIT_CARD,5560.71,,
DEBIT,12/04/2024,"DD *DOORDASH PAPAJOHN 855-431-0459 CA        12/04",-45.04,DEBIT_CARD,5594.24,,
DEBIT,12/04/2024,"TST*CAFE PATACHOU-ZIONS Zionsville IN        12/03",-28.14,DEBIT_CARD,5639.28,,
DEBIT,12/04/2024,"ZING! CAFE  LLC CARMEL IN                    12/03",-7.32,DEBIT_CARD,5667.42,,
DEBIT,12/03/2024,"PAYPAL           INST XFER  PPCR CC REPAYME WEB ID: PAYPALSI77",-90.00,ACH_DEBIT,5674.74,,
DEBIT,12/03/2024,"PARAMOUNT+ 888-274-5343 CA                   12/03",-12.99,DEBIT_CARD,5764.74,,
DEBIT,12/03/2024,"TST*SAHMS ALE HOUSE VIL Fishers IN           12/02",-38.25,DEBIT_CARD,5777.73,,
DEBIT,12/03/2024,"AD CREA* AD CREA ENTER PARIS                 12/02",-29.00,DEBIT_CARD,5815.98,,
DEBIT,12/03/2024,"BLAZE PIZZA 1026 - EC 317-993-3535 IN        12/02",-16.71,DEBIT_CARD,5844.98,,
DEBIT,12/03/2024,"MEIJER # 130 CARMEL IN                       12/02",-40.85,DEBIT_CARD,5861.69,,
DEBIT,12/03/2024,"Amazon web services aws.amazon.co WA         12/02",-12.75,DEBIT_CARD,5902.54,,
DEBIT,12/03/2024,"DD *DOORDASH TROPICAL 855-431-0459 CA        12/03",-11.91,DEBIT_CARD,5915.29,,
DEBIT,12/03/2024,"ZING! CAFE  LLC CARMEL IN                    12/02",-19.56,DEBIT_CARD,5927.20,,
DEBIT,12/03/2024,"SUPERPROF* PASSELEVE PARIS - FRANC           12/02",-49.00,DEBIT_CARD,5946.76,,
DEBIT,12/03/2024,"APPLE.COM/BILL 866-712-7753 CA               12/03",-25.66,DEBIT_CARD,5995.76,,
CREDIT,12/03/2024,"IN CHILD SUPPORT IN18000         0007886214 CCD ID: 1356000158",162.00,ACH_CREDIT,6021.42,,
CREDIT,12/03/2024,"IN CHILD SUPPORT IN18000         0007886214 CCD ID: 1356000158",452.00,ACH_CREDIT,5859.42,,
DEBIT,12/02/2024,"Online Transfer to CHK ...9516 transaction#: 22914592281 12/02",-500.00,ACCT_XFER,5407.42,,
DEBIT,12/02/2024,"AffirmCard       5642 AFFRM                 PPD ID: 1842224323",-30.00,MISC_DEBIT,5907.42,,
DEBIT,12/02/2024,"PAYPAL           INST XFER  GODADDY.COM     WEB ID: PAYPALSI77",-29.99,ACH_DEBIT,5937.42,,
DEBIT,12/02/2024,"JETPACK PDZAEF206J HTTPSWORDPRES CA          12/01",-14.95,DEBIT_CARD,5967.41,,
DEBIT,12/02/2024,"STARBUCKS 800-782-728 800-782-7282 WA        12/01",-20.00,DEBIT_CARD,5982.36,,
DEBIT,12/02/2024,"TACO BELL 29694 PLAINFIELD IN                11/30",-17.06,DEBIT_CARD,6002.36,,
DEBIT,12/02/2024,"Online Transfer to CHK ...9516 transaction#: 22888824954 12/02",-100.00,ACCT_XFER,6019.42,,
DEBIT,12/02/2024,"BETTER BODIES WC MEMBER PAY                 PPD ID: 1270559068",-54.00,ACH_DEBIT,6119.42,,
DEBIT,12/02/2024,"SPOT & TANGO WWW.SPOTANDTA NY                11/30",-228.48,DEBIT_CARD,6173.42,,
DEBIT,12/02/2024,"APPLE.COM/BILL 866-712-7753 CA               11/30",-38.35,DEBIT_CARD,6401.90,,
DEBIT,12/02/2024,"SP VINEVIDA VINEVIDA.COM FL                  11/29",-68.17,DEBIT_CARD,6440.25,,
DEBIT,12/02/2024,"SP DETAIL GEEK AUTO REGINA SK                11/29",-165.00,DEBIT_CARD,6508.42,,
DEBIT,12/02/2024,"MCDONALD'S F33737 MOORESVILLE IN             11/29",-21.95,DEBIT_CARD,6673.42,,
DEBIT,11/29/2024,"PELOTON* MEMBERSHIP HTTPSWWW.ONEP NY         11/28",-44.00,DEBIT_CARD,6695.37,,
DEBIT,11/29/2024,"SP LASHIFY INC LASHIFY.COM CA                11/28",-53.50,DEBIT_CARD,6739.37,,
DEBIT,11/29/2024,"Disney Plus 888-9057888 CA                   11/28",-12.00,DEBIT_CARD,6792.87,,
DEBIT,11/29/2024,"CHICK-FIL-A #01939 CARMEL IN                 11/27",-21.68,DEBIT_CARD,6804.87,,
DEBIT,11/29/2024,"AMAZON MKTPL*Z36397G Amzn.com/bill WA        11/27",-11.33,DEBIT_CARD,6826.55,,
DEBIT,11/29/2024,"Amazon.com*Z34EL9XV0 Amzn.com/bill WA        11/27",-261.59,DEBIT_CARD,6837.88,,
CREDIT,11/29/2024,"GRAINGER CORPORA DIRECT DEP                 PPD ID: 9111111101",5097.83,ACH_CREDIT,7099.47,,
DEBIT,11/27/2024,"PAYPAL           INST XFER  PARKMOBILE      WEB ID: PAYPALSI77",-3.85,ACH_DEBIT,2001.64,,
DEBIT,11/27/2024,"Online Transfer to CHK ...9516 transaction#: 22858209263 11/27",-20.00,ACCT_XFER,2005.49,,
DEBIT,11/27/2024,"PAYPAL           INST XFER  GOOGLE YOUTUBE  WEB ID: PAYPALSI77",-22.99,ACH_DEBIT,2025.49,,
DEBIT,11/27/2024,"WHOLEFDS MKS#105 320 INDIANAPOLIS IN 746170  11/27",-5.57,DEBIT_CARD,2048.48,,
DEBIT,11/27/2024,"WHOLEFDS CRL 104 14598 CARMEL IN     426536  11/27",-171.41,DEBIT_CARD,2054.05,,
DEBIT,11/27/2024,"PROG PALOVERDE   INS PREM   905147028 Krist WEB ID: 9409348039",-393.64,ACH_DEBIT,2225.46,,
DEBIT,11/27/2024,"VENMO            PAYMENT    1038517740412   WEB ID: 3264681992",-110.00,MISC_DEBIT,2619.10,,
DEBIT,11/27/2024,"Online Payment 22521146389 To Auto Loan 1101 11/27",-2000.00,LOAN_PMT,2729.10,,
DEBIT,11/27/2024,"Credit One Bank  Payment    53394349        WEB ID: WEB000004",-10.54,ACH_DEBIT,4729.10,,
DEBIT,11/27/2024,"FLOW WATER USA FLOWHYDRATION VA              11/27",-68.37,DEBIT_CARD,4739.64,,
DEBIT,11/27/2024,"MOON BOOT Los Angeles CA                     11/27",-255.00,DEBIT_CARD,4808.01,,
DEBIT,11/27/2024,"DD *DOORDASH TROPICAL 855-431-0459 CA        11/27",-23.82,DEBIT_CARD,5063.01,,
DEBIT,11/27/2024,"CHICK-FIL-A #04978 CARMEL IN                 11/25",-21.51,DEBIT_CARD,5086.83,,
DEBIT,11/27/2024,"AMAZON MKTPL*LP0SX5J Amzn.com/bill WA        11/26",-204.02,DEBIT_CARD,5108.34,,
DEBIT,11/27/2024,"AMAZON MKTPL*IJ5C15Q Amzn.com/bill WA        11/27",-144.92,DEBIT_CARD,5312.36,,
DEBIT,11/26/2024,"Online Transfer to CHK ...9516 transaction#: 22845077934 11/26",-100.00,ACCT_XFER,5457.28,,
DEBIT,11/26/2024,"DD *DOORDASH MANEETHA 855-431-0459 CA        11/26",-26.13,DEBIT_CARD,5557.28,,
DEBIT,11/26/2024,"AMAZON MKTPL*Q44TL4S Amzn.com/bill WA        11/25",-128.38,DEBIT_CARD,5583.41,,
DEBIT,11/25/2024,"Online Transfer to CHK ...9516 transaction#: 22822820258 11/25",-600.00,ACCT_XFER,5711.79,,
DEBIT,11/25/2024,"APPLE.COM/BILL 866-712-7753 CA               11/25",-16.03,DEBIT_CARD,6311.79,,
DEBIT,11/25/2024,"AMAZON MKTPL*KF30L8Q Amzn.com/bill WA        11/24",-17.11,DEBIT_CARD,6327.82,,
DEBIT,11/25/2024,"NANCY'S HARDWARE & FEED MONROVIA IN          11/23",-15.04,DEBIT_CARD,6344.93,,
DEBIT,11/25/2024,"KROGER #921 530 S. IND MOORESVILLE IN309146  11/23",-13.41,DEBIT_CARD,6359.97,,
DEBIT,11/25/2024,"LOWE'S #1168 MOORESVILLE IN          518224  11/23",-104.84,DEBIT_CARD,6373.38,,
DEBIT,11/25/2024,"LOWE'S #1168 MOORESVILLE IN          924621  11/23",-41.00,DEBIT_CARD,6478.22,,
DEBIT,11/25/2024,"CRT LEXINGTON LAW 800-341-8441 UT            11/23",-139.95,DEBIT_CARD,6519.22,,
DEBIT,11/25/2024,"TYPOLOGY SAINT-OUEN                          11/23",-192.24,DEBIT_CARD,6659.17,,
DEBIT,11/25/2024,"TACO BELL 039002 INDIANAPOLIS IN             11/22",-7.70,DEBIT_CARD,6851.41,,
DEBIT,11/25/2024,"SQ *MY SUGAR PIE gosq.com IN                 11/22",-86.00,DEBIT_CARD,6859.11,,
DEBIT,11/25/2024,"SQ *MY SUGAR PIE gosq.com IN                 11/22",-86.00,DEBIT_CARD,6945.11,,
DEBIT,11/25/2024,"GOOGLE*DONATIONS NFG G.CO/HELPPAY# CA        11/22",-20.00,DEBIT_CARD,7031.11,,
DEBIT,11/25/2024,"TST* CAFE PATACHOU CLAY CARMEL IN            11/22",-91.98,DEBIT_CARD,7051.11,,
DEBIT,11/25/2024,"ACT*Carmel Clay Parks 317-8487275 IN         11/22",-48.00,DEBIT_CARD,7143.09,,
DEBIT,11/25/2024,"DD *DOORDASH MANEETHA 855-431-0459 CA        11/22",-53.59,DEBIT_CARD,7191.09,,
DEBIT,11/22/2024,"WHOLEFDS CRL 104 14598 CARMEL IN     324874  11/22",-92.92,DEBIT_CARD,7244.68,,
DEBIT,11/22/2024,"PAYPAL           INST XFER  HULU            WEB ID: PAYPALSI77",-18.99,ACH_DEBIT,7337.60,,
DEBIT,11/22/2024,"ENDEAVOR COMMUNI TELE BILL                  PPD ID: 1350978228",-79.99,ACH_DEBIT,7356.59,,
DEBIT,11/22/2024,"DD *DOORDASH NAFNAFGR 855-431-0459 CA        11/22",-30.95,DEBIT_CARD,7436.58,,
DEBIT,11/22/2024,"SP DIRTY LABS INC. DIRTYLABS.COM AZ          11/21",-55.64,DEBIT_CARD,7467.53,,
DEBIT,11/22/2024,"ZING! CAFE  LLC CARMEL IN                    11/21",-7.66,DEBIT_CARD,7523.17,,
DEBIT,11/21/2024,"AffirmCard       561T AFFRM                 PPD ID: 1842224323",-39.99,MISC_DEBIT,7530.83,,
DEBIT,11/21/2024,"DD *DOORDASH TROPICAL 855-431-0459 CA        11/21",-12.30,DEBIT_CARD,7570.82,,
DEBIT,11/21/2024,"STARBUCKS 800-782-728 800-782-7282 WA        11/20",-20.00,DEBIT_CARD,7583.12,,
DEBIT,11/20/2024,"PAYPAL           INST XFER  EBAY 800-456-32 WEB ID: PAYPALSI77",-32.65,ACH_DEBIT,7603.12,,
DEBIT,11/20/2024,"CVS/PHARMACY #10 10173 CARMEL IN     801608  11/20",-38.34,DEBIT_CARD,7635.77,,
DEBIT,11/20/2024,"JDF PROFILE WEB  PROFILEWEB 510002370565    WEB ID: 9304935336",-642.55,ACH_DEBIT,7674.11,,
DEBIT,11/20/2024,"CVS/PHARMACY #01367 CARMEL IN                11/19",-9.92,DEBIT_CARD,8316.66,,
DEBIT,11/20/2024,"DD *DOORDASH PAPAJOHN 855-431-0459 CA        11/20",-38.25,DEBIT_CARD,8326.58,,
DEBIT,11/20/2024,"DD *DOORDASH MANEETHA 855-431-0459 CA        11/20",-32.19,DEBIT_CARD,8364.83,,
DEBIT,11/20/2024,"MCDONALD'S F33737 MOORESVILLE IN             11/19",-17.15,DEBIT_CARD,8397.02,,
DEBIT,11/19/2024,"PAYPAL           INST XFER  GODADDY.COM     WEB ID: PAYPALSI77",-136.33,ACH_DEBIT,8414.17,,
DEBIT,11/19/2024,"Online Transfer to CHK ...9516 transaction#: 22766531417 11/19",-600.00,ACCT_XFER,8550.50,,
DEBIT,11/19/2024,"ACTBLUE* MAD.DOG.PAC HTTPSSECURE.A MA        11/19",-10.00,DEBIT_CARD,9150.50,,
DEBIT,11/19/2024,"TYPOLOGY SAINT-OUEN                          11/18",-140.61,DEBIT_CARD,9160.50,,
DEBIT,11/18/2024,"SERVICE FINANCE  PAYMENTS                   PPD ID: 2201934942",-200.00,ACH_DEBIT,9301.11,,
DEBIT,11/18/2024,"AffirmCard       561Q AFFRM                 PPD ID: 1842224323",-35.00,MISC_DEBIT,9501.11,,
DEBIT,11/18/2024,"APPLE.COM/BILL 866-712-7753 CA               11/18",-42.79,DEBIT_CARD,9536.11,,
DEBIT,11/18/2024,"PADDLE.NET* CLIPDROP PADDLE.COM NY           11/17",-9.00,DEBIT_CARD,9578.90,,
DEBIT,11/18/2024,"APPLE.COM/BILL 866-712-7753 CA               11/17",-21.39,DEBIT_CARD,9587.90,,
DEBIT,11/18/2024,"APPLE.COM/BILL 866-712-7753 CA               11/16",-67.38,DEBIT_CARD,9609.29,,
DEBIT,11/18/2024,"COMENITY PAY CP  PHONE PYMT P24320378019897 TEL ID: 1651180275",-103.00,ACH_DEBIT,9676.67,,
DEBIT,11/18/2024,"AMAZON MKTPL*VN1X589 Amzn.com/bill WA        11/16",-18.99,DEBIT_CARD,9779.67,,
DEBIT,11/18/2024,"TST*SAHMS ALE HOUSE VIL Fishers IN           11/15",-20.34,DEBIT_CARD,9798.66,,
DEBIT,11/18/2024,"DONOTAGE DERBY                               11/15",-49.00,DEBIT_CARD,9819.00,,
DEBIT,11/18/2024,"SP GRASS ROOTS COOPE GRASSROOTSCOO AR        11/15",-163.50,DEBIT_CARD,9868.00,,
DEBIT,11/18/2024,"SP MINDBODYGREEN SHOP.MINDBODY NY            11/15",-264.93,DEBIT_CARD,10031.50,,
DEBIT,11/18/2024,"Nyx*NAYAX VENDING 50 HUNT VALLEY MD          11/15",-1.50,DEBIT_CARD,10296.43,,
DEBIT,11/18/2024,"CHICK-FIL-A #04978 CARMEL IN                 11/15",-15.74,DEBIT_CARD,10297.93,,
DEBIT,11/18/2024,"Nyx*NAYAX VENDING 50 HUNT VALLEY MD          11/14",-2.50,DEBIT_CARD,10313.67,,
DEBIT,11/18/2024,"Nyx*NAYAX VENDING 50 HUNT VALLEY MD          11/14",-1.50,DEBIT_CARD,10316.17,,
DEBIT,11/18/2024,"CHICK-FIL-A #04978 CARMEL IN                 11/14",-15.35,DEBIT_CARD,10317.67,,
DEBIT,11/15/2024,"WHOLEFDS CRL 104 14598 CARMEL IN     234555  11/15",-193.13,DEBIT_CARD,10333.02,,
DEBIT,11/15/2024,"PAYPAL           INST XFER  GOOGLE GOOGLE O WEB ID: PAYPALSI77",-9.99,ACH_DEBIT,10526.15,,
DEBIT,11/15/2024,"PAYPAL           INST XFER  NETFLIX.COM     WEB ID: PAYPALSI77",-22.99,ACH_DEBIT,10536.14,,
DEBIT,11/15/2024,"WITHDRAWAL 11/15",-4000.00,MISC_DEBIT,10559.13,,
DEBIT,11/15/2024,"AffirmCard       561N AFFRM                 PPD ID: 1842224323",-50.00,MISC_DEBIT,14559.13,,
DEBIT,11/15/2024,"Online Payment 22395574086 To Richard Crone 11/15",-250.00,BILLPAY,14609.13,,
DEBIT,11/15/2024,"VENMO            REPAYMENT  1038237146388   WEB ID: 3364681992",-500.00,MISC_DEBIT,14859.13,,
DEBIT,11/15/2024,"AMAZON MKTPL*3P53X1S Amzn.com/bill WA        11/14",-32.07,DEBIT_CARD,15359.13,,
DEBIT,11/15/2024,"SP PENDULUM THERAPEU PENDULUMLIFE. CA        11/14",-57.78,DEBIT_CARD,15391.20,,
DEBIT,11/15/2024,"ACT*Carmel Clay Parks 317-8487275 IN         11/14",-32.00,DEBIT_CARD,15448.98,,
DEBIT,11/15/2024,"Nyx*NAYAX VENDING 50 HUNT VALLEY MD          11/13",-1.50,DEBIT_CARD,15480.98,,
DEBIT,11/15/2024,"CHICK-FIL-A #04978 CARMEL IN                 11/13",-16.22,DEBIT_CARD,15482.48,,
CREDIT,11/15/2024,"GRAINGER CORPORA DIRECT DEP                 PPD ID: 9111111101",5097.82,ACH_CREDIT,15498.70,,
DEBIT,11/14/2024,"PAYPAL           INST XFER  NUTSDOTCOM      WEB ID: PAYPALSI77",-41.97,ACH_DEBIT,10400.88,,
DEBIT,11/14/2024,"FARMER'S FRIDGE 3122290099 IL                11/14",-41.14,DEBIT_CARD,10442.85,,
DEBIT,11/14/2024,"DEPT EDUCATION   STUDENT LN                 PPD ID: 9102002505",-1111.95,ACH_DEBIT,10483.99,,
DEBIT,11/14/2024,"MAYO CLINIC DIET DIET.MAYOCLIN NY            11/13",-19.99,DEBIT_CARD,11595.94,,
DEBIT,11/14/2024,"ZING! CAFE  LLC CARMEL IN                    11/13",-7.32,DEBIT_CARD,11615.93,,
DEBIT,11/14/2024,"INDIANAPOLIS AIRPORT INDIANAPOLIS IN         11/12",-269.00,DEBIT_CARD,11623.25,,
DEBIT,11/13/2024,"AffirmCard       561J AFFRM                 PPD ID: 1842224323",-35.00,MISC_DEBIT,11892.25,,
DEBIT,11/13/2024,"LEETCODE.COM LEETCODE.COM CA                 11/12",-159.00,DEBIT_CARD,11927.25,,
CREDIT,11/13/2024,"IN CHILD SUPPORT IN18000         0007886214 CCD ID: 1356000158",290.00,ACH_CREDIT,12086.25,,
DEBIT,11/12/2024,"FOREIGN EXCHANGE RATE ADJUSTMENT FEE         11/07TJV ZONA",-0.06,FEE_TRANSACTION,11796.25,,
DEBIT,11/12/2024,"FOREIGN EXCHANGE RATE ADJUSTMENT FEE         11/09JARDIN BO",-0.18,FEE_TRANSACTION,11796.31,,
DEBIT,11/12/2024,"FOREIGN EXCHANGE RATE ADJUSTMENT FEE         11/09BOLD Tran",-0.31,FEE_TRANSACTION,11796.49,,
DEBIT,11/12/2024,"FOREIGN EXCHANGE RATE ADJUSTMENT FEE         11/08RESTAURAN",-0.37,FEE_TRANSACTION,11796.80,,
DEBIT,11/12/2024,"FOREIGN EXCHANGE RATE ADJUSTMENT FEE         11/08AGADON BA",-0.63,FEE_TRANSACTION,11797.17,,
DEBIT,11/12/2024,"SPECTRUM         SPECTRUM   7359609         TEL ID: 0000358635",-102.99,ACH_DEBIT,11797.80,,
DEBIT,11/12/2024,"UBER BV          IAT PAYPAL 1038143001290   WEB ID: 770510487C",-1.14,ACH_DEBIT,11900.79,,
DEBIT,11/12/2024,"UBER BV          IAT PAYPAL 1038142922368   WEB ID: 770510487C",-8.22,ACH_DEBIT,11901.93,,
DEBIT,11/12/2024,"OPENAI *CHATGPT SUBS HTTPSOPENAI.C CA        11/12",-20.00,DEBIT_CARD,11910.15,,
DEBIT,11/12/2024,"APPLE.COM/BILL 866-712-7753 CA               11/11",-19.68,DEBIT_CARD,11930.15,,
DEBIT,11/12/2024,"JARDIN BOTANICO DE BOG BOGOTA                11/09 CO Peso    27000.00 X 0.000230000 (EXCHG RTE)",-6.21,DEBIT_CARD,11949.83,,
DEBIT,11/12/2024,"BOLD Transporte espe BOGOTA                  11/09 CO Peso    45000.00 X 0.000230222 (EXCHG RTE)",-10.36,DEBIT_CARD,11956.04,,
DEBIT,11/12/2024,"Experian* Credit Repor 479-3436237 CA        11/09",-24.99,DEBIT_CARD,11966.40,,
DEBIT,11/12/2024,"VENMO            PAYMENT    1038107691838   WEB ID: 3264681992",-30.00,MISC_DEBIT,11991.39,,
DEBIT,11/12/2024,"AGADON BAR BURGEN BOGOTA                     11/08 CO Peso    91384.00 X 0.000230128 (EXCHG RTE)",-21.03,DEBIT_CARD,12021.39,,
DEBIT,11/12/2024,"RESTAURANTE CASA SAN I BOGOTA                11/08 CO Peso    56000.00 X 0.000225714 (EXCHG RTE)",-12.64,DEBIT_CARD,12042.42,,
DEBIT,11/12/2024,"TJV ZONA T BOGOTA                            11/07 CO Peso    10000.00 X 0.000226000 (EXCHG RTE)",-2.26,DEBIT_CARD,12055.06,,
DEBIT,11/12/2024,"BETTINA SPITZ BOGOTA                         11/07",-236.96,DEBIT_CARD,12057.32,,
DEBIT,11/12/2024,"FARMATODO ANDINO BOGOTA                      11/07",-2.37,DEBIT_CARD,12294.28,,
DEBIT,11/08/2024,"AES PLUS AES.COM VA                          11/08",-105.42,DEBIT_CARD,12296.65,,
DEBIT,11/08/2024,"Amazon Tips*LY6JP021 Amzn.com/bill WA        11/07",-5.00,DEBIT_CARD,12402.07,,
DEBIT,11/08/2024,"CHICK-FIL-A #04978 CARMEL IN                 11/06",-23.96,DEBIT_CARD,12407.07,,
DEBIT,11/07/2024,"APPLE.COM/BILL 866-712-7753 CA               11/07",-10.69,DEBIT_CARD,12431.03,,
DEBIT,11/07/2024,"SUPERPROF* KARTIK LE PARIS - FRANC           11/06",45.00,DEBIT_CARD,12441.72,,
DEBIT,11/06/2024,"Online Transfer to CHK ...9516 transaction#: 22630459663 11/06",-200.00,ACCT_XFER,12396.72,,
DEBIT,11/06/2024,"SQ *MY SUGAR PIE gosq.com IN                 11/06",-80.00,DEBIT_CARD,12596.72,,
DEBIT,11/06/2024,"Amazon.com*D535G9183 Amzn.com/bill WA        11/06",-68.66,DEBIT_CARD,12676.72,,
DEBIT,11/06/2024,"ATM WITHDRAWAL                       004024  11/0613085 PET",-1000.00,ATM,12745.38,,
DEBIT,11/06/2024,"BUSINESSOLVER BE 8775476257                 PPD ID: 1421503807",-1115.03,ACH_DEBIT,13745.38,,
DEBIT,11/06/2024,"TST*SAHMS ALE HOUSE VIL Fishers IN           11/05",-34.59,DEBIT_CARD,14860.41,,
DEBIT,11/06/2024,"TST*SAHMS ALE HOUSE VIL Fishers IN           11/05",-11.49,DEBIT_CARD,14895.00,,
DEBIT,11/06/2024,"FSP*URBAN SOCIETY SALON CARMEL IN            11/05",-327.63,DEBIT_CARD,14906.49,,
DEBIT,11/06/2024,"ZING! CAFE  LLC CARMEL IN                    11/05",-16.42,DEBIT_CARD,15234.12,,
DEBIT,11/06/2024,"MCDONALD'S F33737 MOORESVILLE IN             11/05",-8.93,DEBIT_CARD,15250.54,,
DEBIT,11/06/2024,"CHICK-FIL-A #04978 CARMEL IN                 11/04",-15.63,DEBIT_CARD,15259.47,,
DEBIT,11/05/2024,"VENMO            REPAYMENT  1038010469454   WEB ID: 3364681992",-57.00,ACH_DEBIT,15275.10,,
DEBIT,11/05/2024,"TST*SAHMS ALE HOUSE VIL Fishers IN           11/04",-44.54,DEBIT_CARD,15332.10,,
DEBIT,11/05/2024,"SUPERPROF* KARTIK LE PARIS - FRANC           11/04",-45.00,DEBIT_CARD,15376.64,,
DEBIT,11/05/2024,"DD *DOORDASH TROPICAL 855-431-0459 CA        11/05",-23.70,DEBIT_CARD,15421.64,,
DEBIT,11/05/2024,"AMAZON MKTPL*807B69T Amzn.com/bill WA        11/04",-33.53,DEBIT_CARD,15445.34,,
CREDIT,11/05/2024,"IN CHILD SUPPORT IN18000         0007886214 CCD ID: 1356000158",388.00,ACH_CREDIT,15478.87,,
CREDIT,11/05/2024,"IN CHILD SUPPORT IN18000         0007886214 CCD ID: 1356000158",452.00,ACH_CREDIT,15090.87,,
DEBIT,11/04/2024,"PAYPAL           INST XFER  GODADDY.COM     WEB ID: PAYPALSI77",-16.99,ACH_DEBIT,14638.87,,
DEBIT,11/04/2024,"AffirmCard       561C AFFRM                 PPD ID: 1842224323",-283.84,MISC_DEBIT,14655.86,,
DEBIT,11/04/2024,"Online Transfer to CHK ...9516 transaction#: 22607754761 11/04",-500.00,ACCT_XFER,14939.70,,
DEBIT,11/04/2024,"PAYPAL           INST XFER  PPCR CC REPAYME WEB ID: PAYPALSI77",-216.00,ACH_DEBIT,15439.70,,
DEBIT,11/04/2024,"EPOCH EU LTD     IAT PAYPAL 1037981110812   WEB ID: 770510487C",-118.80,ACH_DEBIT,15655.70,,
DEBIT,11/04/2024,"AMAZON MKTPL*N299Y1K Amzn.com/bill WA        11/04",-47.93,DEBIT_CARD,15774.50,,
DEBIT,11/04/2024,"PARAMOUNT+ 888-274-5343 CA                   11/03",-12.99,DEBIT_CARD,15822.43,,
DEBIT,11/04/2024,"AD CREA* AD CREA ENTER PARIS                 11/02",-29.00,DEBIT_CARD,15835.42,,
DEBIT,11/04/2024,"MCDONALD'S F33737 MOORESVILLE IN             11/02",-17.68,DEBIT_CARD,15864.42,,
DEBIT,11/04/2024,"Amazon web services aws.amazon.co WA         11/02",-13.14,DEBIT_CARD,15882.10,,
DEBIT,11/04/2024,"Amazon.com*3A56L4DC3 Amzn.com/bill WA        11/03",-194.76,DEBIT_CARD,15895.24,,
DEBIT,11/04/2024,"SPOT & TANGO WWW.SPOTANDTA NY                11/02",-269.14,DEBIT_CARD,16090.00,,
DEBIT,11/04/2024,"TACO BELL 039002 INDIANAPOLIS IN             11/01",-17.07,DEBIT_CARD,16359.14,,
DEBIT,11/04/2024,"SUPERPROF* STUDENT P PARIS - FRANC           11/01",-49.00,DEBIT_CARD,16376.21,,
DEBIT,11/04/2024,"LOS ARROYOS MEXICAN RES CARMEL IN            11/01",-26.80,DEBIT_CARD,16425.21,,
DEBIT,11/04/2024,"AMAZON MKTPL*IZ1XY5D Amzn.com/bill WA        11/04",-8.55,DEBIT_CARD,16452.01,,
DEBIT,11/01/2024,"PAYPAL           INST XFER  UDEMY           WEB ID: PAYPALSI77",-19.99,ACH_DEBIT,16460.56,,
DEBIT,11/01/2024,"SQ *RIVET COFFEE BAR AN Westfield IN         11/01",-4.54,DEBIT_CARD,16480.55,,
DEBIT,11/01/2024,"SQ *RIVET COFFEE BAR AN Westfield IN         11/01",-10.63,DEBIT_CARD,16485.09,,
DEBIT,11/01/2024,"SQ *RIVET COFFEE BAR AN Westfield IN         11/01",-9.54,DEBIT_CARD,16495.72,,
DEBIT,11/01/2024,"JETPACK SNL5LJHSCQ HTTPSWORDPRES CA          11/01",-14.95,DEBIT_CARD,16505.26,,
DEBIT,11/01/2024,"BETTER BODIES WC MEMBER PAY                 PPD ID: 1270559068",-54.00,ACH_DEBIT,16520.21,,
DEBIT,11/01/2024,"AMAZON MKTPL*Z68PK1W Amzn.com/bill WA        11/01",-40.66,DEBIT_CARD,16574.21,,
DEBIT,11/01/2024,"AMAZON MKTPL*5W6WX29 Amzn.com/bill WA        11/01",-23.53,DEBIT_CARD,16614.87,,
DEBIT,11/01/2024,"AMAZON MKTPL*ET4VT0D Amzn.com/bill WA        11/01",-31.02,DEBIT_CARD,16638.40,,
DEBIT,11/01/2024,"DD *DOORDASH TROPICAL 855-431-0459 CA        11/01",-12.30,DEBIT_CARD,16669.42,,
DEBIT,11/01/2024,"ZING! CAFE  LLC CARMEL IN                    10/31",-17.72,DEBIT_CARD,16681.72,,
DEBIT,11/01/2024,"MINUTECLINIC #20817 317-867-4577 IN          10/30",-179.50,DEBIT_CARD,16699.44,,
DEBIT,11/01/2024,"Nyx*NAYAX VENDING 50 HUNT VALLEY MD          10/30",-1.50,DEBIT_CARD,16878.94,,
CREDIT,11/01/2024,"GRAINGER CORPORA DIRECT DEP                 PPD ID: 9111111101",5268.01,ACH_CREDIT,16880.44,,
DEBIT,10/31/2024,"ALCH AS          IAT PAYPAL 1037923109585   WEB ID: 770510487C",-20.00,ACH_DEBIT,11612.43,,
DEBIT,10/31/2024,"APPLE.COM/BILL 866-712-7753 CA               10/31",-21.39,DEBIT_CARD,11632.43,,
DEBIT,10/31/2024,"WEST CLAY WINE & SPIRIT CARMEL IN            10/30",-21.39,DEBIT_CARD,11653.82,,
DEBIT,10/31/2024,"ZING! CAFE  LLC CARMEL IN                    10/30",-8.17,DEBIT_CARD,11675.21,,
DEBIT,10/31/2024,"ZING! CAFE  LLC CARMEL IN                    10/30",-5.50,DEBIT_CARD,11683.38,,
DEBIT,10/31/2024,"Nyx*NAYAX VENDING 50 HUNT VALLEY MD          10/29",-1.50,DEBIT_CARD,11688.88,,
DEBIT,10/30/2024,"CVS/PHARMACY #01 01367 CARMEL IN     507028  10/30",-28.88,DEBIT_CARD,11690.38,,
DEBIT,10/30/2024,"PAYPAL           INST XFER  GODADDY.COM     WEB ID: PAYPALSI77",-29.99,ACH_DEBIT,11719.26,,
DEBIT,10/30/2024,"KROGER #9 1217 S. RANG CARMEL IN             10/30",-22.46,DEBIT_CARD,11749.25,,
DEBIT,10/30/2024,"TST*SAHMS ALE HOUSE VIL Fishers IN           10/29",-21.24,DEBIT_CARD,11771.71,,
DEBIT,10/30/2024,"APPLE.COM/BILL 866-712-7753 CA               10/29",-38.35,DEBIT_CARD,11792.95,,
DEBIT,10/30/2024,"APPLE.COM/BILL 866-712-7753 CA               10/29",-6.41,DEBIT_CARD,11831.30,,
DEBIT,10/30/2024,"CHICK-FIL-A #04978 CARMEL IN                 10/28",-15.63,DEBIT_CARD,11837.71,,
DEBIT,10/29/2024,"AffirmCard       55Z9 AFFRM                 PPD ID: 1842224323",-35.00,MISC_DEBIT,11853.34,,
DEBIT,10/29/2024,"OPENAI HTTPSOPENAI.C CA                      10/29",-15.08,DEBIT_CARD,11888.34,,
DEBIT,10/29/2024,"Credit One Bank  Payment    53394349        WEB ID: WEB000004",-10.54,ACH_DEBIT,11903.42,,
DEBIT,10/29/2024,"SP LASHIFY INC HTTPSWWW.LASH CA              10/29",-300.74,DEBIT_CARD,11913.96,,
DEBIT,10/28/2024,"WHOLEFDS CRL 104 14598 CARMEL IN     908482  10/28",-119.41,DEBIT_CARD,12214.70,,
DEBIT,10/28/2024,"PELOTON* MEMBERSHIP HTTPSWWW.ONEP NY         10/28",-44.00,DEBIT_CARD,12334.11,,
DEBIT,10/28/2024,"Online Transfer to CHK ...9516 transaction#: 22521597869 10/28",-200.00,ACCT_XFER,12378.11,,
DEBIT,10/28/2024,"FARMER'S FRIDGE 3122290099 IL                10/28",-16.01,DEBIT_CARD,12578.11,,
DEBIT,10/28/2024,"PROG PALOVERDE   INS PREM   905147028 Krist WEB ID: 9409348039",-630.95,ACH_DEBIT,12594.12,,
DEBIT,10/28/2024,"Online Transfer to CHK ...9516 transaction#: 22520578380 10/28",-500.00,ACCT_XFER,13225.07,,
DEBIT,10/28/2024,"Disney Plus 888-9057888 CA                   10/28",-12.00,DEBIT_CARD,13725.07,,
DEBIT,10/28/2024,"Online Payment 22136848607 To Auto Loan 1101 10/28",-2000.00,LOAN_PMT,13737.07,,
DEBIT,10/28/2024,"PAYPAL           INST XFER  GOOGLE YOUTUBE  WEB ID: PAYPALSI77",-22.99,ACH_DEBIT,15737.07,,
DEBIT,10/28/2024,"FLOW WATER USA FLOWHYDRATION VA              10/28",-68.37,DEBIT_CARD,15760.06,,
DEBIT,10/28/2024,"APPLE.COM/BILL 866-712-7753 CA               10/28",-29.93,DEBIT_CARD,15828.43,,
DEBIT,10/28/2024,"CHICK-FIL-A #01628 INDIANAPOLIS IN           10/26",-16.48,DEBIT_CARD,15858.36,,
DEBIT,10/28/2024,"TST*SAHMS ALE HOUSE VIL Fishers IN           10/25",-48.23,DEBIT_CARD,15874.84,,
DEBIT,10/28/2024,"FSP*URBAN SOCIETY SALON CARMEL IN            10/25",-35.95,DEBIT_CARD,15923.07,,
DEBIT,10/28/2024,"TST*SAHMS ALE HOUSE VIL Fishers IN           10/25",-26.17,DEBIT_CARD,15959.02,,
DEBIT,10/28/2024,"STARBUCKS 800-782-728 800-782-7282 WA        10/25",-20.00,DEBIT_CARD,15985.19,,
DEBIT,10/28/2024,"CHICK-FIL-A #04978 CARMEL IN                 10/25",-15.74,DEBIT_CARD,16005.19,,
DEBIT,10/28/2024,"BLAZE PIZZA 1026 CARMEL IN                   10/24",-12.79,DEBIT_CARD,16020.93,,
DEBIT,10/28/2024,"CHICK-FIL-A #04978 CARMEL IN                 10/24",-15.63,DEBIT_CARD,16033.72,,
DEBIT,10/25/2024,"Rocket Money     Premium    ST-S2F8Q7O8I4Q2 CCD ID: 4270465600",-60.00,MISC_DEBIT,16049.35,,
DEBIT,10/25/2024,"WEST CLAY WINE & SPIRIT CARMEL IN            10/24",-32.09,DEBIT_CARD,16109.35,,
DEBIT,10/25/2024,"MEIJER # 130 CARMEL IN                       10/24",-1.89,DEBIT_CARD,16141.44,,
DEBIT,10/24/2024,"FARMER'S FRIDGE 3122290099 IL                10/24",-16.49,DEBIT_CARD,16143.33,,
DEBIT,10/24/2024,"TACO BELL 039002 INDIANAPOLIS IN             10/23",-2.06,DEBIT_CARD,16159.82,,
DEBIT,10/24/2024,"TST*SAHMS ALE HOUSE VIL Fishers IN           10/23",-20.34,DEBIT_CARD,16161.88,,
DEBIT,10/24/2024,"MEIJER STORE #130 CARMEL IN                  10/23",-160.61,DEBIT_CARD,16182.22,,
DEBIT,10/24/2024,"SP WILD USA LONDON                           10/23",-52.05,DEBIT_CARD,16342.83,,
DEBIT,10/23/2024,"AffirmCard       55Z3 AFFRM                 PPD ID: 1842224323",-16.04,MISC_DEBIT,16394.88,,
DEBIT,10/23/2024,"WEST CLAY WINE & SPIRIT CARMEL IN            10/22",-53.48,DEBIT_CARD,16410.92,,
DEBIT,10/23/2024,"AMAZON MKTPL*QT8H575 Amzn.com/bill WA        10/23",-363.78,DEBIT_CARD,16464.40,,
DEBIT,10/23/2024,"BLAZE PIZZA 1026 CARMEL IN                   10/22",-23.52,DEBIT_CARD,16828.18,,
DEBIT,10/23/2024,"Nyx*NAYAX VENDING 50 HUNT VALLEY MD          10/22",-1.50,DEBIT_CARD,16851.70,,
DEBIT,10/23/2024,"CARMEL CLAY PARKS AND R CARMEL IN            10/22",-48.00,DEBIT_CARD,16853.20,,
DEBIT,10/23/2024,"MEIJER STORE #130 CARMEL IN                  10/22",-43.10,DEBIT_CARD,16901.20,,
DEBIT,10/23/2024,"CHICK-FIL-A #04978 CARMEL IN                 10/21",-15.63,DEBIT_CARD,16944.30,,
DEBIT,10/22/2024,"AffirmCard       55Z2 AFFRM                 PPD ID: 1842224323",-147.02,MISC_DEBIT,16959.93,,
DEBIT,10/22/2024,"Online Transfer to CHK ...9516 transaction#: 22460305433 10/22",-700.00,ACCT_XFER,17106.95,,
DEBIT,10/22/2024,"PAYPAL           INST XFER  HULU            WEB ID: PAYPALSI77",-18.99,ACH_DEBIT,17806.95,,
DEBIT,10/22/2024,"MYOLLIE SUBSCRIPTION HTTPSMYOLLIE. NV        10/22",-239.33,DEBIT_CARD,17825.94,,
DEBIT,10/22/2024,"ENDEAVOR COMMUNI TELE BILL                  PPD ID: 1350978228",-79.99,ACH_DEBIT,18065.27,,
DEBIT,10/21/2024,"AffirmCard       55Z1 AFFRM                 PPD ID: 1842224323",-575.89,MISC_DEBIT,18145.26,,
DEBIT,10/21/2024,"PAYPAL           INST XFER  EBAY V2_B7EB3A7 WEB ID: PAYPALSI77",-23.43,ACH_DEBIT,18721.15,,
DEBIT,10/21/2024,"FRABERGS IGA FUEL MONROVIA IN                10/20",-21.38,DEBIT_CARD,18744.58,,
DEBIT,10/21/2024,"WHOLEFDS MKS#105 320 INDIANAPOLIS IN 962387  10/20",-203.60,DEBIT_CARD,18765.96,,
DEBIT,10/21/2024,"MCDONALD'S F33737 MOORESVILLE IN             10/20",-9.69,DEBIT_CARD,18969.56,,
DEBIT,10/21/2024,"SP LASHIFY INC HTTPSWWW.LASH CA              10/20",-74.32,DEBIT_CARD,18979.25,,
DEBIT,10/21/2024,"APPLE.COM/BILL 866-712-7753 CA               10/20",-10.69,DEBIT_CARD,19053.57,,
DEBIT,10/21/2024,"INCSTORES LLC 800-613-0996 AZ                10/20",-285.37,DEBIT_CARD,19064.26,,
DEBIT,10/21/2024,"MCDONALD'S F33737 MOORESVILLE IN             10/19",-24.81,DEBIT_CARD,19349.63,,
DEBIT,10/21/2024,"JDF PROFILE WEB  PROFILEWEB 510002370565    WEB ID: 9304935336",-642.55,ACH_DEBIT,19374.44,,
DEBIT,10/21/2024,"Credit One Bank  Payment    61447525        WEB ID: WEB000004",-1282.50,ACH_DEBIT,20016.99,,
DEBIT,10/21/2024,"ACTBLUE* MAD.DOG.PAC HTTPSSECURE.A MA        10/19",-10.00,DEBIT_CARD,21299.49,,
DEBIT,10/21/2024,"APPLE.COM/BILL 866-712-7753 CA               10/19",-26.74,DEBIT_CARD,21309.49,,
DEBIT,10/21/2024,"SPOT & TANGO WWW.SPOTANDTA NY                10/19",-110.62,DEBIT_CARD,21336.23,,
DEBIT,10/21/2024,"MCDONALD'S F33737 MOORESVILLE IN             10/18",-15.58,DEBIT_CARD,21446.85,,
DEBIT,10/21/2024,"DD *DOORDASH DOORDASH 855-431-0459 CA        10/19",-50.00,DEBIT_CARD,21462.43,,
DEBIT,10/21/2024,"TST* CAFE PATACHOU CLAY CARMEL IN            10/18",-54.50,DEBIT_CARD,21512.43,,
DEBIT,10/21/2024,"CHICK-FIL-A #04978 CARMEL IN                 10/18",-15.63,DEBIT_CARD,21566.93,,
DEBIT,10/21/2024,"FARMER'S FRIDGE 3122290099 IL                10/18",-18.65,DEBIT_CARD,21582.56,,
DEBIT,10/21/2024,"APPLE.COM/BILL 866-712-7753 CA               10/18",-42.79,DEBIT_CARD,21601.21,,
DEBIT,10/21/2024,"CHICK-FIL-A #04978 CARMEL IN                 10/17",-15.63,DEBIT_CARD,21644.00,,
DEBIT,10/18/2024,"AffirmCard       55YY AFFRM                 PPD ID: 1842224323",-733.10,MISC_DEBIT,21659.63,,
DEBIT,10/18/2024,"SERVICE FINANCE  PAYMENTS                   PPD ID: 2201934942",-200.00,ACH_DEBIT,22392.73,,
DEBIT,10/18/2024,"TST*SAHMS ALE HOUSE VIL Fishers IN           10/17",-27.59,DEBIT_CARD,22592.73,,
DEBIT,10/18/2024,"FARMER'S FRIDGE 3122290099 IL                10/17",-16.72,DEBIT_CARD,22620.32,,
DEBIT,10/18/2024,"CHICK-FIL-A #04978 CARMEL IN                 10/16",-15.63,DEBIT_CARD,22637.04,,
CREDIT,10/18/2024,"GRAINGER CORPORA DIRECT DEP                 PPD ID: 9111111101",5159.31,ACH_CREDIT,22652.67,,
DEBIT,10/17/2024,"PAYPAL           INST XFER  BAMBULABUSA     WEB ID: PAYPALSI77",-74.83,ACH_DEBIT,17493.36,,
DEBIT,10/17/2024,"CVS/PHARMACY #01 01367 CARMEL IN     141862  10/17",-35.47,DEBIT_CARD,17568.19,,
DEBIT,10/17/2024,"PADDLE.NET* CLIPDROP PADDLE.COM NY           10/17",-9.00,DEBIT_CARD,17603.66,,
DEBIT,10/17/2024,"TST*SAHMS ALE HOUSE VIL Fishers IN           10/16",-40.18,DEBIT_CARD,17612.66,,
DEBIT,10/17/2024,"PRINTIFY.COM HTTPSPRINTIFY DE                10/16",-29.00,DEBIT_CARD,17652.84,,
DEBIT,10/17/2024,"WWW.FUEL-ROD.COM WWW.FUELROD.C CA            10/16",-19.99,DEBIT_CARD,17681.84,,
DEBIT,10/17/2024,"TST*DANNY BOY BEER WO 317-339-7952 IN        10/17",-42.50,DEBIT_CARD,17701.83,,
DEBIT,10/17/2024,"APPLE.COM/BILL 866-712-7753 CA               10/17",-13.89,DEBIT_CARD,17744.33,,
DEBIT,10/17/2024,"FARMER'S FRIDGE CHICAGO IL                   10/16",-1.08,DEBIT_CARD,17758.22,,
DEBIT,10/17/2024,"FARMER'S FRIDGE CHICAGO IL                   10/16",-17.79,DEBIT_CARD,17759.30,,
DEBIT,10/17/2024,"CHICK-FIL-A #04978 CARMEL IN                 10/15",-15.63,DEBIT_CARD,17777.09,,
DEBIT,10/16/2024,"Online Payment 22072866572 To Richard Crone 10/16",-250.00,BILLPAY,17792.72,,
DEBIT,10/16/2024,"AffirmCard       55YU AFFRM                 PPD ID: 1842224323",-111.27,MISC_DEBIT,18042.72,,
DEBIT,10/16/2024,"MCDONALD'S F33737 MOORESVILLE IN             10/15",-15.58,DEBIT_CARD,18153.99,,
DEBIT,10/16/2024,"FARMER'S FRIDGE CHICAGO IL                   10/15",-16.72,DEBIT_CARD,18169.57,,
DEBIT,10/16/2024,"ARAMARK IU NORTH COFFEE CARMEL IN            10/14",-4.87,DEBIT_CARD,18186.29,,
CREDIT,10/16/2024,"IN CHILD SUPPORT IN18000         0007886214 CCD ID: 1356000158",64.00,ACH_CREDIT,18191.16,,
DSLIP,10/16/2024,"REMOTE ONLINE DEPOSIT #          1",3016.15,CHECK_DEPOSIT,18127.16,1,
DEBIT,10/15/2024,"PAYPAL           INST XFER  GOOGLE GOOGLE O WEB ID: PAYPALSI77",-9.99,ACH_DEBIT,15111.01,,
DEBIT,10/15/2024,"AffirmCard       55YV AFFRM                 PPD ID: 1842224323",-189.00,MISC_DEBIT,15121.00,,
DEBIT,10/15/2024,"VOCABULARY.COM HTTPSWWW.VOCA CA              10/15",-59.99,DEBIT_CARD,15310.00,,
DEBIT,10/15/2024,"PAYPAL           INST XFER  NETFLIX.COM     WEB ID: PAYPALSI77",-22.99,ACH_DEBIT,15369.99,,
DEBIT,10/15/2024,"PAYPAL           INST XFER  WIFIONBOARD     WEB ID: PAYPALSI77",-8.00,ACH_DEBIT,15392.98,,
DEBIT,10/15/2024,"PAYPAL           INST XFER  ZAPIER INC      WEB ID: PAYPALSI77",-58.50,ACH_DEBIT,15400.98,,
DEBIT,10/15/2024,"STARBUCKS 800-782-728 800-782-7282 WA        10/14",-20.00,DEBIT_CARD,15459.48,,
DEBIT,10/15/2024,"FARMER'S FRIDGE CHICAGO IL                   10/14",-15.10,DEBIT_CARD,15479.48,,
DEBIT,10/15/2024,"MCDONALD'S F33737 MOORESVILLE IN             10/13",-15.31,DEBIT_CARD,15494.58,,
DEBIT,10/15/2024,"INDIANAPOLIS AIRPORT INDIANAPOLIS IN         10/13",-111.00,DEBIT_CARD,15509.89,,
DEBIT,10/15/2024,"IAH DYLAN CANDY BAR HOUSTON TX               10/13",-10.15,DEBIT_CARD,15620.89,,
DEBIT,10/15/2024,"IAH ITRP EL TIEMPO 1122 HOUSTON TX           10/13",-29.53,DEBIT_CARD,15631.04,,
DEBIT,10/15/2024,"BLAZE PIZZA A IAH HOUSTON TX                 10/13",-10.23,DEBIT_CARD,15660.57,,
DEBIT,10/15/2024,"Zelle payment to salim JPM99apc8he9",-100.00,CHASE_TO_PARTNERFI,15670.80,,
DEBIT,10/15/2024,"Zelle payment to salim JPM99apc6ezy",-120.00,CHASE_TO_PARTNERFI,15770.80,,
DEBIT,10/15/2024,"UBER   *TRIP HELP.UBER.COM CA                10/13",-23.85,DEBIT_CARD,15890.80,,
DEBIT,10/15/2024,"UBER   *TRIP HELP.UBER.COM CA                10/12",-25.31,DEBIT_CARD,15914.65,,
DEBIT,10/15/2024,"Online Transfer to CHK ...9516 transaction#: 22361050346 10/15",-1000.00,ACCT_XFER,15939.96,,
DEBIT,10/15/2024,"TIKTOK SHOP SELLER 8888888888 CA             10/12",-27.20,DEBIT_CARD,16939.96,,
DEBIT,10/15/2024,"DEPT EDUCATION   STUDENT LN                 PPD ID: 9102002505",-1111.95,ACH_DEBIT,16967.16,,
DEBIT,10/15/2024,"UBER   *TRIP HELP.UBER.COM CA                10/12",-45.49,DEBIT_CARD,18079.11,,
DEBIT,10/15/2024,"Zelle payment to salim JPM99ap9f83r",-40.00,CHASE_TO_PARTNERFI,18124.60,,
DEBIT,10/15/2024,"UBER   *TRIP HELP.UBER.COM CA                10/12",-5.23,DEBIT_CARD,18164.60,,
DEBIT,10/15/2024,"OPENAI *CHATGPT SUBS HTTPSOPENAI.C CA        10/12",-20.00,DEBIT_CARD,18169.83,,
DEBIT,10/15/2024,"UBER   *TRIP HELP.UBER.COM CA                10/12",-301.39,DEBIT_CARD,18189.83,,
DEBIT,10/15/2024,"IND HARRY IZZYS 61913 INDIANAPOLIS IN        10/11",-68.41,DEBIT_CARD,18491.22,,
DEBIT,10/15/2024,"TST*SAHMS ALE HOUSE VIL Fishers IN           10/11",-55.85,DEBIT_CARD,18559.63,,
DEBIT,10/15/2024,"FSP*URBAN SOCIETY SALON CARMEL IN            10/11",-124.82,DEBIT_CARD,18615.48,,
DEBIT,10/15/2024,"APPLE.COM/BILL 866-712-7753 CA               10/11",-38.93,DEBIT_CARD,18740.30,,
DEBIT,10/15/2024,"HAMPTON INN INDY NW 317-7682330 IN           10/12",-155.68,DEBIT_CARD,18779.23,,
DEBIT,10/15/2024,"SKYWAY CONCESSIONS CHICAGO IL                10/11",-7.20,DEBIT_CARD,18934.91,,
DEBIT,10/11/2024,"ITR CONCESSION COMPANY ELKHART IN            10/10",-1.80,DEBIT_CARD,18942.11,,
DEBIT,10/11/2024,"ITR CONCESSION COMPANY ELKHART IN            10/10",-4.50,DEBIT_CARD,18943.91,,
DEBIT,10/11/2024,"365 MARKET M 888 432 32 TROY MI              10/09",-4.74,DEBIT_CARD,18948.41,,
DEBIT,10/11/2024,"365 MARKET M 888 432 32 TROY MI              10/09",-8.63,DEBIT_CARD,18953.15,,
DEBIT,10/11/2024,"HILTON GARDEN INN LK F 847-7358374 IL        10/10",-537.76,DEBIT_CARD,18961.78,,
DEBIT,10/10/2024,"WHOLEFDS NBK 102 840 W NORTHBROOK IL 362001  10/10",-11.94,DEBIT_CARD,19499.54,,
DEBIT,10/10/2024,"GRAINGERILCOFF LAKE FOREST IL                10/09",-2.70,DEBIT_CARD,19511.48,,
DEBIT,10/10/2024,"GRAINGERILCOFF LAKE FOREST IL                10/09",-5.14,DEBIT_CARD,19514.18,,
DEBIT,10/10/2024,"AES PLUS AES.COM VA                          10/09",-121.42,DEBIT_CARD,19519.32,,
DEBIT,10/09/2024,"AffirmCard       55YP AFFRM                 PPD ID: 1842224323",-63.12,MISC_DEBIT,19640.74,,
DEBIT,10/09/2024,"Experian* Credit Repor 479-3436237 CA        10/09",-24.99,DEBIT_CARD,19703.86,,
DEBIT,10/08/2024,"AffirmCard       55YO AFFRM                 PPD ID: 1842224323",-17.67,MISC_DEBIT,19728.85,,
DEBIT,10/08/2024,"BUSINESSOLVER BE 8775476257                 PPD ID: 1421503807",-1115.03,ACH_DEBIT,19746.52,,
DEBIT,10/08/2024,"POPEYES 11298 INDIANAPOLIS IN                10/07",-13.40,DEBIT_CARD,20861.55,,
DEBIT,10/07/2024,"WHOLEFDS NBK 102 840 W NORTHBROOK IL 834382  10/07",-149.50,DEBIT_CARD,20874.95,,
DEBIT,10/07/2024,"AffirmCard       55YN AFFRM                 PPD ID: 1842224323",-101.34,MISC_DEBIT,21024.45,,
DEBIT,10/07/2024,"APPLE.COM/BILL 866-712-7753 CA               10/07",-32.09,DEBIT_CARD,21125.79,,
DEBIT,10/07/2024,"2610 WORLD OF WONDERS INDIANAPOLIS IN        10/06",-10.00,DEBIT_CARD,21157.88,,
DEBIT,10/07/2024,"PBS INDIANAPOLIS INDIANAPOLIS IN             10/05",-130.83,DEBIT_CARD,21167.88,,
DEBIT,10/07/2024,"PUNCH BOWL SOCIAL ARCA 317-2498613 IN        10/05",-30.00,DEBIT_CARD,21298.71,,
DEBIT,10/07/2024,"APPLE.COM/BILL 866-712-7753 CA               10/06",-10.69,DEBIT_CARD,21328.71,,
DEBIT,10/07/2024,"MCDONALD'S F33737 MOORESVILLE IN             10/04",-9.00,DEBIT_CARD,21339.40,,
DEBIT,10/07/2024,"AMAZON MKTPL*ZK9PC8N Amzn.com/bill WA        10/04",-33.53,DEBIT_CARD,21348.40,,
DEBIT,10/07/2024,"CHICK-FIL-A #04978 CARMEL IN                 10/03",-13.18,DEBIT_CARD,21381.93,,
DEBIT,10/04/2024,"PAYPAL           INST XFER  GODADDY.COM     WEB ID: PAYPALSI77",-16.99,ACH_DEBIT,21395.11,,
DEBIT,10/04/2024,"Online Transfer to CHK ...9516 transaction#: 22278409144 10/04",-1100.00,ACCT_XFER,21412.10,,
DEBIT,10/04/2024,"AffirmCard       55YK AFFRM                 PPD ID: 1842224323",-211.55,MISC_DEBIT,22512.10,,
DEBIT,10/04/2024,"TST* CAFE PATACHOU CLAY CARMEL IN            10/03",-25.89,DEBIT_CARD,22723.65,,
DEBIT,10/04/2024,"CHICK-FIL-A #04978 CARMEL IN                 10/02",-13.18,DEBIT_CARD,22749.54,,
DEBIT,10/03/2024,"PAYPAL           INST XFER  PPCR CC REPAYME WEB ID: PAYPALSI77",-3590.40,ACH_DEBIT,22762.72,,
DEBIT,10/03/2024,"COMENITY PAY OH  PHONE PYMT P24276363806255 TEL ID: 1651180275",-248.39,ACH_DEBIT,26353.12,,
DEBIT,10/03/2024,"PARAMOUNT+ 888-274-5343 CA                   10/03",-12.99,DEBIT_CARD,26601.51,,
DEBIT,10/03/2024,"TACO BELL 36538 PLAINFIELD IN                10/02",-5.54,DEBIT_CARD,26614.50,,
DEBIT,10/03/2024,"AMZN Mktp US*2F0VB4K Amzn.com/bill WA        10/03",-274.68,DEBIT_CARD,26620.04,,
DEBIT,10/03/2024,"AD CREA* AD CREA ENTER PARIS                 10/02",-29.00,DEBIT_CARD,26894.72,,
DEBIT,10/03/2024,"Amazon web services aws.amazon.co WA         10/02",-12.75,DEBIT_CARD,26923.72,,
DEBIT,10/03/2024,"HOTELCOM72058764778396 HOTELS.COM WA         10/02",-282.20,DEBIT_CARD,26936.47,,
DEBIT,10/03/2024,"CHICK-FIL-A #04978 CARMEL IN                 10/01",-21.03,DEBIT_CARD,27218.67,,
CREDIT,10/03/2024,"IN CHILD SUPPORT IN18000         0007886214 CCD ID: 1356000158",388.00,ACH_CREDIT,27239.70,,
CREDIT,10/03/2024,"IN CHILD SUPPORT IN18000         0007886214 CCD ID: 1356000158",452.00,ACH_CREDIT,26851.70,,
DEBIT,10/02/2024,"MICHAELS STORES 9951 1 CARMEL IN             10/02",-6.41,DEBIT_CARD,26399.70,,
DEBIT,10/02/2024,"AffirmCard       55YI AFFRM                 PPD ID: 1842224323",-178.95,MISC_DEBIT,26406.11,,
DEBIT,10/02/2024,"STARBUCKS 800-782-728 800-782-7282 WA        10/02",-20.00,DEBIT_CARD,26585.06,,
DEBIT,10/02/2024,"GRUBHUB*UPLANDCARMELTA GRUBHUB.COM NY        10/01",-60.13,DEBIT_CARD,26605.06,,
DEBIT,10/02/2024,"CHICK-FIL-A #04978 CARMEL IN                 09/30",-20.92,DEBIT_CARD,26665.19,,
DEBIT,10/01/2024,"WHOLEFDS CRL 104 14598 CARMEL IN     130825  10/01",-155.52,DEBIT_CARD,26686.11,,
DEBIT,10/01/2024,"AffirmCard       55YH AFFRM                 PPD ID: 1842224323",-34.93,MISC_DEBIT,26841.63,,
DEBIT,10/01/2024,"JETPACK CMJPJGQN5V HTTPSWORDPRES CA          10/01",-14.95,DEBIT_CARD,26876.56,,
DEBIT,10/01/2024,"BETTER BODIES WC MEMBER PAY                 PPD ID: 1270559068",-54.00,ACH_DEBIT,26891.51,,
DSLIP,10/01/2024,"REMOTE ONLINE DEPOSIT #          1",68.61,CHECK_DEPOSIT,26945.51,1,
DEBIT,09/30/2024,"PAYPAL           INST XFER  GODADDY.COM     WEB ID: PAYPALSI77",-29.99,ACH_DEBIT,26876.90,,
DEBIT,09/30/2024,"AffirmCard       55WI AFFRM                 PPD ID: 1842224323",-16.04,MISC_DEBIT,26906.89,,
DEBIT,09/30/2024,"VENMO            PAYMENT    1037226206367   WEB ID: 3264681992",-250.00,MISC_DEBIT,26922.93,,
DEBIT,09/30/2024,"APPLE.COM/BILL 866-712-7753 CA               09/30",-38.35,DEBIT_CARD,27172.93,,
DEBIT,09/30/2024,"Amazon Prime*T76K442 Amzn.com/bill WA        09/29",-139.00,DEBIT_CARD,27211.28,,
DEBIT,09/30/2024,"Online Transfer to CHK ...9516 transaction#: 22208785043 09/30",-1200.00,ACCT_XFER,27350.28,,
DEBIT,09/30/2024,"TACO BELL 29694 PLAINFIELD IN                09/28",-17.39,DEBIT_CARD,28550.28,,
DEBIT,09/30/2024,"Zelle payment to JR Tucker 22203304182",-5000.00,QUICKPAY_DEBIT,28567.67,,
DEBIT,09/30/2024,"APPLE.COM/BILL 866-712-7753 CA               09/29",-10.69,DEBIT_CARD,33567.67,,
DEBIT,09/30/2024,"PELOTON* MEMBERSHIP HTTPSWWW.ONEP NY         09/28",-44.00,DEBIT_CARD,33578.36,,
DEBIT,09/30/2024,"STARBUCKS 800-782-728 800-782-7282 WA        09/28",-20.00,DEBIT_CARD,33622.36,,
DEBIT,09/30/2024,"Disney Plus 888-9057888 CA                   09/28",-11.00,DEBIT_CARD,33642.36,,
DEBIT,09/30/2024,"FLOW WATER USA FLOWHYDRATION VA              09/28",-68.37,DEBIT_CARD,33653.36,,
DEBIT,09/30/2024,"STARBUCKS 800-782-728 800-782-7282 WA        09/28",-20.00,DEBIT_CARD,33721.73,,
DEBIT,09/30/2024,"APPLE.COM/BILL 866-712-7753 CA               09/27",-19.24,DEBIT_CARD,33741.73,,
DEBIT,09/27/2024,"PAYPAL           INST XFER  GOOGLE YOUTUBE  WEB ID: PAYPALSI77",-22.99,ACH_DEBIT,33760.97,,
DEBIT,09/27/2024,"Online Transfer to CHK ...9516 transaction#: 22190527346 09/27",-1000.00,ACCT_XFER,33783.96,,
DEBIT,09/27/2024,"AffirmCard       55WF AFFRM                 PPD ID: 1842224323",-115.25,MISC_DEBIT,34783.96,,
DEBIT,09/27/2024,"PROG PALOVERDE   INS PREM   905147028 Krist WEB ID: 9409348039",-156.33,ACH_DEBIT,34899.21,,
DEBIT,09/27/2024,"AMAZON MARKETPLA INTERNET   043000091995264 WEB ID: 9049016352",-10.69,ACH_DEBIT,35055.54,,
DEBIT,09/27/2024,"SQ *FUNDAE'S ICE CREAM Carmel IN             09/26",-11.75,DEBIT_CARD,35066.23,,
DEBIT,09/27/2024,"KING DOUGH* KING DOU HTTPSKINGDOUG IN        09/26",-71.45,DEBIT_CARD,35077.98,,
DEBIT,09/27/2024,"DD *DOORDASH WILDEGGS 855-431-0459 CA        09/27",-30.51,DEBIT_CARD,35149.43,,
DEBIT,09/27/2024,"ZING! CAFE  LLC CARMEL IN                    09/26",-10.92,DEBIT_CARD,35179.94,,
DEBIT,09/27/2024,"CHICK-FIL-A #04978 CARMEL IN                 09/25",-7.46,DEBIT_CARD,35190.86,,
DEBIT,09/26/2024,"PAYPAL           INST XFER  NORDSTROM       WEB ID: PAYPALSI77",-139.05,ACH_DEBIT,35198.32,,
DEBIT,09/26/2024,"AffirmCard       55WE AFFRM                 PPD ID: 1842224323",-36.37,MISC_DEBIT,35337.37,,
DEBIT,09/26/2024,"AMAZON.COM SERVI INTERNET   043000091278936 WEB ID: 9049016352",-21.37,ACH_DEBIT,35373.74,,
DEBIT,09/26/2024,"WEST CLAY WINE & SPIRIT CARMEL IN            09/25",-88.80,DEBIT_CARD,35395.11,,
DEBIT,09/26/2024,"TST*SAHMS ALE HOUSE VIL Fishers IN           09/25",-65.30,DEBIT_CARD,35483.91,,
DEBIT,09/26/2024,"MEIJER STORE #130 CARMEL IN                  09/25",-75.13,DEBIT_CARD,35549.21,,
DEBIT,09/26/2024,"APPLE.COM/BILL 866-712-7753 CA               09/25",-10.69,DEBIT_CARD,35624.34,,
DEBIT,09/25/2024,"AffirmCard       55WD AFFRM                 PPD ID: 1842224323",-1011.11,MISC_DEBIT,35635.03,,
DEBIT,09/25/2024,"TST*DANNY BOY BEER WORK Carmel IN            09/24",-38.89,DEBIT_CARD,36646.14,,
DEBIT,09/24/2024,"INDY COLTS       TICKETS    0799811         WEB ID: 0000935866",-5.00,ACH_DEBIT,36685.03,,
DEBIT,09/24/2024,"AffirmCard       55WC AFFRM                 PPD ID: 1842224323",-27.09,MISC_DEBIT,36690.03,,
DEBIT,09/24/2024,"MYOLLIE SUBSCRIPTION HTTPSMYOLLIE. NV        09/24",-239.33,DEBIT_CARD,36717.12,,
DEBIT,09/24/2024,"ENDEAVOR COMMUNI TELE BILL                  PPD ID: 1350978228",-79.99,ACH_DEBIT,36956.45,,
DEBIT,09/24/2024,"TACO BELL 039002 INDIANAPOLIS IN             09/23",-14.00,DEBIT_CARD,37036.44,,
DEBIT,09/24/2024,"MEIJER # 130 CARMEL IN                       09/23",-43.20,DEBIT_CARD,37050.44,,
DEBIT,09/24/2024,"CHIPOTLE 2327 CARMEL IN                      09/23",-18.48,DEBIT_CARD,37093.64,,
DEBIT,09/24/2024,"PARAMOUNT+ 888-274-5343 CA                   09/24",-11.99,DEBIT_CARD,37112.12,,
DEBIT,09/24/2024,"ZING! CAFE  LLC CARMEL IN                    09/23",-10.92,DEBIT_CARD,37124.11,,
DEBIT,09/24/2024,"SUR LA TABLE CARMEL IN                       09/23",68.48,DEBIT_CARD,37135.03,,
DEBIT,09/23/2024,"WHOLEFDS CRL 104 14598 CARMEL IN     811682  09/23",-148.68,DEBIT_CARD,37066.55,,
DEBIT,09/23/2024,"AffirmCard       55WB AFFRM                 PPD ID: 1842224323",-44.99,MISC_DEBIT,37215.23,,
DEBIT,09/23/2024,"PAYPAL           INST XFER  HULU            WEB ID: PAYPALSI77",-17.99,ACH_DEBIT,37260.22,,
DEBIT,09/23/2024,"The W Nail Bar Indianapolis IN               09/23",-285.00,DEBIT_CARD,37278.21,,
DEBIT,09/23/2024,"MEIJER STORE #130 CARMEL IN                  09/22",-72.72,DEBIT_CARD,37563.21,,
DEBIT,09/23/2024,"MCDONALD'S F33737 MOORESVILLE IN             09/22",-16.66,DEBIT_CARD,37635.93,,
DEBIT,09/23/2024,"OCULUS * 650-5434800 CA                      09/21",-10.69,DEBIT_CARD,37652.59,,
DEBIT,09/23/2024,"MCDONALD'S F33737 MOORESVILLE IN             09/21",-15.30,DEBIT_CARD,37663.28,,
DEBIT,09/23/2024,"TST*SAHMS ALE HOUSE VIL Fishers IN           09/20",-29.00,DEBIT_CARD,37678.58,,
DEBIT,09/23/2024,"LOVE'S #0254 OUTSIDE MOORESVILLE IN          09/20",-28.10,DEBIT_CARD,37707.58,,
DEBIT,09/23/2024,"TST* CAFE PATACHOU CLAY CARMEL IN            09/20",-44.96,DEBIT_CARD,37735.68,,
DEBIT,09/23/2024,"CHICK-FIL-A #04978 CARMEL IN                 09/20",-20.92,DEBIT_CARD,37780.64,,
DEBIT,09/20/2024,"AffirmCard       55W8 AFFRM                 PPD ID: 1842224323",-35.00,MISC_DEBIT,37801.56,,
DEBIT,09/20/2024,"KOHL'S           CHG PYMT   043000092843420 TEL ID: 9044021696",-159.84,ACH_DEBIT,37836.56,,
DEBIT,09/20/2024,"ROBINHOOD        DEBITS     519179584       WEB ID: 5326394001",-5.00,MISC_DEBIT,37996.40,,
DEBIT,09/20/2024,"JDF PROFILE WEB  PROFILEWEB 510002370565    WEB ID: 9304935336",-642.55,ACH_DEBIT,38001.40,,
DEBIT,09/20/2024,"STEAK-N-SHAKE#0342 Q99 NOBLESVILLE IN        09/19",-28.37,DEBIT_CARD,38643.95,,
DEBIT,09/20/2024,"JIMMY JOHNS - 1203 CARMEL IN                 09/19",-12.96,DEBIT_CARD,38672.32,,
DEBIT,09/19/2024,"KITTL TECHNOLOGI IAT PAYPAL 1037036464990   WEB ID: 770510487C",-120.00,ACH_DEBIT,38685.28,,
DEBIT,09/19/2024,"ACTBLUE* MAD.DOG.PAC HTTPSSECURE.A MA        09/19",-10.00,DEBIT_CARD,38805.28,,
DEBIT,09/19/2024,"TST*DANNY BOY BEER WORK Carmel IN            09/18",-14.94,DEBIT_CARD,38815.28,,
DEBIT,09/19/2024,"TST*SAHMS ALE HOUSE VIL Fishers IN           09/18",-29.18,DEBIT_CARD,38830.22,,
DEBIT,09/19/2024,"TST*SAHMS ALE HOUSE VIL Fishers IN           09/18",-97.94,DEBIT_CARD,38859.40,,
DEBIT,09/19/2024,"TST*SAHMS ALE HOUSE VIL Fishers IN           09/18",-77.21,DEBIT_CARD,38957.34,,
DEBIT,09/19/2024,"ZING! CAFE  LLC CARMEL IN                    09/18",-16.87,DEBIT_CARD,39034.55,,
DEBIT,09/18/2024,"PAYPAL           INST XFER  GODADDY.COM     WEB ID: PAYPALSI77",-22.17,ACH_DEBIT,39051.42,,
DEBIT,09/18/2024,"PAYPAL           INST XFER  UNITED          WEB ID: PAYPALSI77",-717.95,ACH_DEBIT,39073.59,,
DEBIT,09/18/2024,"PAYPAL           INST XFER  UNITED          WEB ID: PAYPALSI77",-717.95,ACH_DEBIT,39791.54,,
DEBIT,09/18/2024,"APPLE.COM/BILL 866-712-7753 CA               09/18",-53.46,DEBIT_CARD,40509.49,,
DEBIT,09/18/2024,"SERVICE FINANCE  PAYMENTS                   PPD ID: 2201934942",-200.00,ACH_DEBIT,40562.95,,
DEBIT,09/18/2024,"TACO BELL 039002 INDIANAPOLIS IN             09/17",-25.00,DEBIT_CARD,40762.95,,
DEBIT,09/18/2024,"ZING! CAFE  LLC CARMEL IN                    09/17",-8.17,DEBIT_CARD,40787.95,,
DEBIT,09/18/2024,"CHICK-FIL-A #04978 CARMEL IN                 09/16",-21.03,DEBIT_CARD,40796.12,,
DEBIT,09/17/2024,"PAYPAL           INST XFER  BOKA LLC        WEB ID: PAYPALSI77",-75.97,ACH_DEBIT,40817.15,,
DEBIT,09/17/2024,"SHEN ZHEN SHI FE IAT PAYPAL 1036996717626   WEB ID: 770510487C",-199.98,ACH_DEBIT,40893.12,,
DEBIT,09/17/2024,"AffirmCard       55W5 AFFRM                 PPD ID: 1842224323",-8.55,MISC_DEBIT,41093.10,,
DEBIT,09/17/2024,"Online Transfer to CHK ...9516 transaction#: 22084731205 09/17",-8000.00,ACCT_XFER,41101.65,,
DEBIT,09/17/2024,"PADDLE.NET* CLIPDROP PADDLE.COM NY           09/17",-9.00,DEBIT_CARD,49101.65,,
DEBIT,09/17/2024,"PANDA EXPRESS 773 PLAINFIELD IN              09/16",-9.05,DEBIT_CARD,49110.65,,
DEBIT,09/17/2024,"TARGET        00007732 PLAINFIELD IN         09/16",-28.77,DEBIT_CARD,49119.70,,
DEBIT,09/17/2024,"PRINTIFY.COM HTTPSPRINTIFY DE                09/16",-29.00,DEBIT_CARD,49148.47,,
DEBIT,09/17/2024,"Monterey Coastal Cuisi Carmel IN             09/16",-193.69,DEBIT_CARD,49177.47,,
DEBIT,09/17/2024,"FIRST WATCH - 0118 CARMEL IN                 09/16",-9.01,DEBIT_CARD,49371.16,,
DEBIT,09/17/2024,"TST* CAFE PATACHOU CLAY CARMEL IN            09/16",-17.71,DEBIT_CARD,49380.17,,
DEBIT,09/17/2024,"TST* CAFE PATACHOU CLAY CARMEL IN            09/16",-42.24,DEBIT_CARD,49397.88,,
CREDIT,09/17/2024,"IN CHILD SUPPORT IN18000         0007886214 CCD ID: 1356000158",64.00,ACH_CREDIT,49440.12,,
DEBIT,09/16/2024,"PAYPAL           INST XFER  LOWES.COM       WEB ID: PAYPALSI77",-177.61,ACH_DEBIT,49376.12,,
DEBIT,09/16/2024,"BP#8833758GETGO PLAINFIELD IN                09/16",-34.13,DEBIT_CARD,49553.73,,
DEBIT,09/16/2024,"WHOLEFDS CRL 104 14598 CARMEL IN     833455  09/16",-36.93,DEBIT_CARD,49587.86,,
DEBIT,09/16/2024,"AffirmCard       55W4 AFFRM                 PPD ID: 1842224323",-193.51,MISC_DEBIT,49624.79,,
DEBIT,09/16/2024,"Online Payment 21743094290 To Richard Crone 09/16",-250.00,BILLPAY,49818.30,,
DEBIT,09/16/2024,"PAYPAL           INST XFER  GOOGLE GOOGLE O WEB ID: PAYPALSI77",-9.99,ACH_DEBIT,50068.30,,
DEBIT,09/16/2024,"PAYPAL           INST XFER  NETFLIX.COM     WEB ID: PAYPALSI77",-22.99,ACH_DEBIT,50078.29,,
DEBIT,09/16/2024,"SUR LA TABLE 800-243-0852 IN                 09/15",-68.48,DEBIT_CARD,50101.28,,
DEBIT,09/16/2024,"MIDJOURNEY INC. HTTPSWWW.MIDJ CA             09/15",-96.00,DEBIT_CARD,50169.76,,
DEBIT,09/16/2024,"CONTENTCREATOR.COM CONTENTCREATO NC          09/15",-67.00,DEBIT_CARD,50265.76,,
DEBIT,09/16/2024,"LOWE'S #1168 MOORESVILLE IN          662453  09/15",-27.81,DEBIT_CARD,50332.76,,
DEBIT,09/16/2024,"APPLE.COM/BILL 866-712-7753 CA               09/14",-38.51,DEBIT_CARD,50360.57,,
DEBIT,09/16/2024,"MCDONALD'S F33737 MOORESVILLE IN             09/14",-21.94,DEBIT_CARD,50399.08,,
DEBIT,09/16/2024,"APPLE.COM/BILL 866-712-7753 CA               09/14",-10.69,DEBIT_CARD,50421.02,,
DEBIT,09/16/2024,"DEPT EDUCATION   STUDENT LN                 PPD ID: 9102002505",-1111.95,ACH_DEBIT,50431.71,,
DEBIT,09/13/2024,"PAYPAL           INST XFER  ZAPIER INC      WEB ID: PAYPALSI77",-38.66,ACH_DEBIT,51543.66,,
DEBIT,09/13/2024,"PAYPAL           INST XFER  GODADDY.COM     WEB ID: PAYPALSI77",-70.16,ACH_DEBIT,51582.32,,
DEBIT,09/13/2024,"AffirmCard       55W1 AFFRM                 PPD ID: 1842224323",-1018.76,MISC_DEBIT,51652.48,,
DEBIT,09/13/2024,"SUR LA TABLE 800-243-0852 IN                 09/13",-26.70,DEBIT_CARD,52671.24,,
DEBIT,09/13/2024,"CHICK-FIL-A #04978 CARMEL IN                 09/11",-20.31,DEBIT_CARD,52697.94,,
DEBIT,09/12/2024,"AffirmCard       55W0 AFFRM                 PPD ID: 1842224323",-277.10,MISC_DEBIT,52718.25,,
DEBIT,09/12/2024,"LOVE'S #0254 OUTSIDE MOORESVILLE IN          09/12",-43.51,DEBIT_CARD,52995.35,,
DEBIT,09/12/2024,"TESLA MOTORS     TESLA MOTO                 PPD ID: 5912197729",-6174.10,MISC_DEBIT,53038.86,,
DEBIT,09/12/2024,"OPENAI *CHATGPT SUBS HTTPSOPENAI.C CA        09/12",-20.00,DEBIT_CARD,59212.96,,
DEBIT,09/12/2024,"FSP*URBAN SOCIETY SALON CARMEL IN            09/11",-65.94,DEBIT_CARD,59232.96,,
DEBIT,09/12/2024,"APPLE.COM/BILL 866-712-7753 CA               09/12",-21.38,DEBIT_CARD,59298.90,,
DEBIT,09/12/2024,"TST*SAHMS ALE HOUSE VIL Fishers IN           09/11",-24.75,DEBIT_CARD,59320.28,,
DEBIT,09/12/2024,"CHICK-FIL-A #04978 CARMEL IN                 09/10",-21.03,DEBIT_CARD,59345.03,,
DEBIT,09/11/2024,"ITALIANBASE LTD  IAT PAYPAL 1036872264656   WEB ID: 770510487C",-78.45,ACH_DEBIT,59366.06,,
DEBIT,09/10/2024,"AffirmCard       55VY AFFRM                 PPD ID: 1842224323",-17.64,MISC_DEBIT,59444.51,,
DEBIT,09/10/2024,"STARBUCKS 800-782-728 800-782-7282 WA        09/10",-15.00,DEBIT_CARD,59462.15,,
DEBIT,09/09/2024,"AffirmCard       55VX AFFRM                 PPD ID: 1842224323",-53.65,MISC_DEBIT,59477.15,,
DEBIT,09/09/2024,"PUNCH BOWL SOCIAL ARCA 317-2498613 IN        09/08",-30.00,DEBIT_CARD,59530.80,,
DEBIT,09/09/2024,"LUCAS OIL STADIUM CON INDIANAPOLIS IN        09/08",-23.94,DEBIT_CARD,59560.80,,
DEBIT,09/09/2024,"LUCAS OIL STADIUM CON INDIANAPOLIS IN        09/08",-42.88,DEBIT_CARD,59584.74,,
DEBIT,09/09/2024,"APPLE.COM/BILL 866-712-7753 CA               09/08",-10.69,DEBIT_CARD,59627.62,,
DEBIT,09/09/2024,"MEIJER # 256 PLAINFIELD IN                   09/07",-94.86,DEBIT_CARD,59638.31,,
DEBIT,09/09/2024,"APPLE.COM/BILL 866-712-7753 CA               09/07",-8.99,DEBIT_CARD,59733.17,,
DEBIT,09/09/2024,"TACO BELL 29694 PLAINFIELD IN                09/07",-3.90,DEBIT_CARD,59742.16,,
DEBIT,09/09/2024,"SPEEDWAY  6050 CAMBRID PLAINFIELD IN         09/07",-45.44,DEBIT_CARD,59746.06,,
DEBIT,09/09/2024,"SHAKE SHACK - 1350 INDIANAPOLIS IN           09/06",-20.80,DEBIT_CARD,59791.50,,
DEBIT,09/09/2024,"TST* NAPOLESE FASHION INDIANAPOLIS IN        09/06",-31.34,DEBIT_CARD,59812.30,,
DEBIT,09/09/2024,"Tory Burch  T10002077 Indianapolis IN        09/06",-243.96,DEBIT_CARD,59843.64,,
DEBIT,09/09/2024,"kate spade 33038 INDIANAPOLIS IN             09/06",-372.36,DEBIT_CARD,60087.60,,
DEBIT,09/09/2024,"NAYAX VENDING 50 HUNT VALLEY MD              09/06",-1.50,DEBIT_CARD,60459.96,,
DEBIT,09/09/2024,"SUB ZERO CRAWFORDSVILL IN                    09/05",-12.25,DEBIT_CARD,60461.46,,
DEBIT,09/06/2024,"PAYPAL           INST XFER  VARSITYYEAR     WEB ID: PAYPALSI77",-48.99,ACH_DEBIT,60473.71,,
DEBIT,09/06/2024,"AffirmCard       55VU AFFRM                 PPD ID: 1842224323",-81.31,MISC_DEBIT,60522.70,,
DEBIT,09/06/2024,"SQ *RIVET COFFEE BAR AN Westfield IN         09/06",-11.72,DEBIT_CARD,60604.01,,
DEBIT,09/06/2024,"AES PLUS AES.COM VA                          09/06",-130.15,DEBIT_CARD,60615.73,,
DEBIT,09/06/2024,"UBER   *TRIP HELP.UBER.COM CA                09/06",-5.00,DEBIT_CARD,60745.88,,
DEBIT,09/06/2024,"UBER   *TRIP HELP.UBER.COM CA                09/06",-18.16,DEBIT_CARD,60750.88,,
DEBIT,09/06/2024,"UBER   *TRIP HELP.UBER.COM CA                09/06",-17.70,DEBIT_CARD,60769.04,,
DEBIT,09/06/2024,"Greeks Pizzeria West Cl CARMEL IN            09/06",-19.41,DEBIT_CARD,60786.74,,
DEBIT,09/06/2024,"EVEREVE 187-72906262 MN                      09/05",-769.32,DEBIT_CARD,60806.15,,
DEBIT,09/06/2024,"TST* CAFE PATACHOU CLAY CARMEL IN            09/05",-47.69,DEBIT_CARD,61575.47,,
DEBIT,09/06/2024,"MCDONALD'S F33737 MOORESVILLE IN             09/05",-17.94,DEBIT_CARD,61623.16,,
DEBIT,09/05/2024,"DSW CLAY TERRACE 14477 CARMEL IN     723685  09/05",-149.77,DEBIT_CARD,61641.10,,
DEBIT,09/05/2024,"DUKEENERGY       BILL PAY   910105313273    WEB ID: DEIJPM4612",-91.35,ACH_DEBIT,61790.87,,
DEBIT,09/05/2024,"TST*SAHMS ALE HOUSE VIL Fishers IN           09/04",-72.06,DEBIT_CARD,61882.22,,
DEBIT,09/05/2024,"FSP*URBAN SOCIETY SALON CARMEL IN            09/04",-262.21,DEBIT_CARD,61954.28,,
DEBIT,09/05/2024,"APPLE.COM/BILL 866-712-7753 CA               09/04",-10.69,DEBIT_CARD,62216.49,,
DEBIT,09/05/2024,"ZING! CAFE  LLC CARMEL IN                    09/04",-2.56,DEBIT_CARD,62227.18,,
DEBIT,09/05/2024,"MCDONALD'S F33737 MOORESVILLE IN             09/04",-14.00,DEBIT_CARD,62229.74,,
DEBIT,09/05/2024,"CHICK-FIL-A #04978 CARMEL IN                 09/03",-24.35,DEBIT_CARD,62243.74,,
DEBIT,09/04/2024,"PAYPAL           INST XFER  GODADDY.COM     WEB ID: PAYPALSI77",-16.99,ACH_DEBIT,62268.09,,
DEBIT,09/04/2024,"AffirmCard       55VS AFFRM                 PPD ID: 1842224323",-265.99,MISC_DEBIT,62285.08,,
DEBIT,09/04/2024,"LOVE'S #0254 OUTSIDE MOORESVILLE IN          09/04",-45.31,DEBIT_CARD,62551.07,,
DEBIT,09/04/2024,"AffirmCard       55VQ AFFRM                 PPD ID: 1842224323",-474.59,MISC_DEBIT,62596.38,,
DEBIT,09/04/2024,"VENMO            PAYMENT    1036700498751   WEB ID: 3264681992",-150.00,MISC_DEBIT,63070.97,,
DEBIT,09/04/2024,"Credit One Bank  Payment    53394349        WEB ID: WEB000004",-277.11,ACH_DEBIT,63220.97,,
DEBIT,09/04/2024,"VENMO            REPAYMENT  1036694754524   WEB ID: 3364681992",-775.96,ACH_DEBIT,63498.08,,
DEBIT,09/04/2024,"TACO BELL 039002 INDIANAPOLIS IN             09/03",-11.00,DEBIT_CARD,64274.04,,
DEBIT,09/04/2024,"ZING! CAFE  LLC CARMEL IN                    09/03",-7.32,DEBIT_CARD,64285.04,,
DEBIT,09/04/2024,"CHICK-FIL-A #01487 INDIANAPOLIS IN           09/02",-24.35,DEBIT_CARD,64292.36,,
CREDIT,09/04/2024,"IN CHILD SUPPORT IN18000         0007886214 CCD ID: 1356000158",388.00,ACH_CREDIT,64316.71,,
CREDIT,09/04/2024,"IN CHILD SUPPORT IN18000         0007886214 CCD ID: 1356000158",452.00,ACH_CREDIT,63928.71,,
DEBIT,09/03/2024,"PAYPAL           INST XFER  ZAPIER INC      WEB ID: PAYPALSI77",-29.99,ACH_DEBIT,63476.71,,
DEBIT,09/03/2024,"PAYPAL           INST XFER  PPCR CC REPAYME WEB ID: PAYPALSI77",-342.63,ACH_DEBIT,63506.70,,
DEBIT,09/03/2024,"CAPITAL ONE      MOBILE PMT 3Y55YOWKE0T0BNF WEB ID: 9279744380",-113.37,ACH_DEBIT,63849.33,,
DEBIT,09/03/2024,"AMOCO#1401600CO INDIANAPOLIS IN              09/03",-11.70,DEBIT_CARD,63962.70,,
DEBIT,09/03/2024,"PAYPAL           INST XFER  PPCR CC REPAYME WEB ID: PAYPALSI77",-1605.52,ACH_DEBIT,63974.40,,
DEBIT,09/03/2024,"OLIPOP HTTPSDRINKOLI CA                      09/03",-32.73,DEBIT_CARD,65579.92,,
DEBIT,09/03/2024,"AD CREA* AD CREA ENTER PARIS                 09/02",-29.00,DEBIT_CARD,65612.65,,
DEBIT,09/03/2024,"LOWE'S #635 INDIANAPOLIS IN          794484  09/01",-135.00,DEBIT_CARD,65641.65,,
DEBIT,09/03/2024,"TST* PETITE CHOU BIST INDIANAPOLIS IN        09/01",-69.49,DEBIT_CARD,65776.65,,
DEBIT,09/03/2024,"JETPACK EFGJXDK9R3 HTTPSWORDPRES CA          09/01",-14.95,DEBIT_CARD,65846.14,,
DEBIT,09/03/2024,"BETTER BODIES WC MEMBER PAY                 PPD ID: 1270559068",-54.00,ACH_DEBIT,65861.09,,
DEBIT,09/03/2024,"TST*DANNY BOY BEER WO 317-339-7952 IN        08/31",-30.57,DEBIT_CARD,65915.09,,
DEBIT,09/03/2024,"TST* CAFE PATACHOU CLAY CARMEL IN            08/30",-48.60,DEBIT_CARD,65945.66,,
DEBIT,09/03/2024,"J CREW FACTORY # 1133 CARMEL IN              08/30",-237.41,DEBIT_CARD,65994.26,,
DEBIT,09/03/2024,"LULULEMON CLAY TERRACE CARMEL IN             08/30",-295.32,DEBIT_CARD,66231.67,,
DEBIT,09/03/2024,"SAKS OFF 5TH 866-601-5105 NY                 09/02",-156.20,DEBIT_CARD,66526.99,,
DEBIT,09/03/2024,"ZING! CAFE  LLC CARMEL IN                    08/30",-18.84,DEBIT_CARD,66683.19,,
DEBIT,09/03/2024,"On Sportswear 150-32220691 OR                09/03",-85.60,DEBIT_CARD,66702.03,,
DEBIT,09/03/2024,"CHICK-FIL-A #04978 CARMEL IN                 08/29",-20.92,DEBIT_CARD,66787.63,,
DSLIP,09/03/2024,"REMOTE ONLINE DEPOSIT #          1",1000.00,CHECK_DEPOSIT,66808.55,1,
DEBIT,08/30/2024,"PAYPAL           INST XFER  GODADDY.COM     WEB ID: PAYPALSI77",-29.99,ACH_DEBIT,65808.55,,
DEBIT,08/30/2024,"AffirmCard       55TQ AFFRM                 PPD ID: 1842224323",-102.91,MISC_DEBIT,65838.54,,
DEBIT,08/30/2024,"TST*DANNY BOY BEER WO 317-339-7952 IN        08/30",-16.68,DEBIT_CARD,65941.45,,
DEBIT,08/30/2024,"SQ *FUNDAE'S ICE CREAM Carmel IN             08/29",-20.31,DEBIT_CARD,65958.13,,
DEBIT,08/30/2024,"TST*DANNY BOY BEER WORK Carmel IN            08/29",-36.10,DEBIT_CARD,65978.44,,
DEBIT,08/30/2024,"Dicks Sporting Goods Carmel IN               08/29",-19.26,DEBIT_CARD,66014.54,,
DEBIT,08/30/2024,"APPLE.COM/BILL 866-712-7753 CA               08/29",-38.35,DEBIT_CARD,66033.80,,
DEBIT,08/30/2024,"TST*SAHMS ALE HOUSE VIL Fishers IN           08/29",-57.34,DEBIT_CARD,66072.15,,
DEBIT,08/30/2024,"ZING! CAFE  LLC CARMEL IN                    08/29",-6.41,DEBIT_CARD,66129.49,,
DEBIT,08/30/2024,"CHICK-FIL-A #04978 CARMEL IN                 08/28",-20.92,DEBIT_CARD,66135.90,,
DEBIT,08/29/2024,"AffirmCard       55TP AFFRM                 PPD ID: 1842224323",-303.14,MISC_DEBIT,66156.82,,
DEBIT,08/29/2024,"VENMO            PAYMENT    1036568613438   WEB ID: 3264681992",-150.00,MISC_DEBIT,66459.96,,
DEBIT,08/29/2024,"FLOW WATER USA FLOWHYDRATION VA              08/29",-68.37,DEBIT_CARD,66609.96,,
DEBIT,08/29/2024,"LOVE'S #0254 OUTSIDE MOORESVILLE IN          08/28",-48.69,DEBIT_CARD,66678.33,,
DEBIT,08/29/2024,"MCDONALD'S F33737 MOORESVILLE IN             08/28",-16.00,DEBIT_CARD,66727.02,,
DEBIT,08/29/2024,"TST*SAHMS ALE HOUSE VIL Fishers IN           08/28",-10.27,DEBIT_CARD,66743.02,,
DEBIT,08/29/2024,"MEIJER STORE #130 CARMEL IN                  08/28",-30.78,DEBIT_CARD,66753.29,,
DEBIT,08/29/2024,"SUN TAN CITY 0100 CARMEL IN                  08/28",-63.57,DEBIT_CARD,66784.07,,
DEBIT,08/28/2024,"PELOTON* MEMBERSHIP HTTPSWWW.ONEP NY         08/28",-44.00,DEBIT_CARD,66847.64,,
DEBIT,08/28/2024,"Disney Plus 888-9057888 CA                   08/28",-11.00,DEBIT_CARD,66891.64,,
DEBIT,08/28/2024,"MEIJER # 130 CARMEL IN                       08/27",-144.73,DEBIT_CARD,66902.64,,
DEBIT,08/28/2024,"ZING! CAFE  LLC CARMEL IN                    08/27",-15.64,DEBIT_CARD,67047.37,,
DEBIT,08/27/2024,"PAYPAL           INST XFER  GOOGLE YOUTUBE  WEB ID: PAYPALSI77",-22.99,ACH_DEBIT,67063.01,,
DEBIT,08/27/2024,"PAYPAL           INST XFER  GODADDY.COM     WEB ID: PAYPALSI77",-24.34,ACH_DEBIT,67086.00,,
DEBIT,08/27/2024,"AffirmCard       55TN AFFRM                 PPD ID: 1842224323",-35.00,MISC_DEBIT,67110.34,,
DEBIT,08/27/2024,"Online Transfer to CHK ...9516 transaction#: 21855891555 08/27",-5300.00,ACCT_XFER,67145.34,,
DEBIT,08/27/2024,"PROG PALOVERDE   INS PREM   905147028 Krist WEB ID: 9409348039",-156.37,ACH_DEBIT,72445.34,,
DEBIT,08/27/2024,"APPLE.COM/BILL 866-712-7753 CA               08/27",-29.93,DEBIT_CARD,72601.71,,
DEBIT,08/27/2024,"Credit One Bank  Payment    53394349        WEB ID: WEB000004",-20.19,ACH_DEBIT,72631.64,,
DEBIT,08/27/2024,"TACO BELL 039002 INDIANAPOLIS IN             08/26",-13.00,DEBIT_CARD,72651.83,,
DEBIT,08/27/2024,"TST* CAFE PATACHOU CLAY CARMEL IN            08/26",-30.89,DEBIT_CARD,72664.83,,
DEBIT,08/27/2024,"AMZN Mktp US Amzn.com/bill WA                08/26",854.93,DEBIT_CARD,72695.72,,
DEBIT,08/26/2024,"FOREIGN EXCHANGE RATE ADJUSTMENT FEE         08/24CHRISTOPH",-0.38,FEE_TRANSACTION,71840.79,,
DEBIT,08/26/2024,"FOREIGN EXCHANGE RATE ADJUSTMENT FEE         08/23THE TEMPL",-0.66,FEE_TRANSACTION,71841.17,,
DEBIT,08/26/2024,"FOREIGN EXCHANGE RATE ADJUSTMENT FEE         08/25DUBLIN DU",-1.74,FEE_TRANSACTION,71841.83,,
DEBIT,08/26/2024,"FOREIGN EXCHANGE RATE ADJUSTMENT FEE         08/25WRIGHTS O",-2.00,FEE_TRANSACTION,71843.57,,
DEBIT,08/26/2024,"FOREIGN EXCHANGE RATE ADJUSTMENT FEE         08/24ARAN SWEA",-2.68,FEE_TRANSACTION,71845.57,,
DEBIT,08/26/2024,"FOREIGN EXCHANGE RATE ADJUSTMENT FEE         08/23BUTLERS C",-2.89,FEE_TRANSACTION,71848.25,,
DEBIT,08/26/2024,"PAYPAL           INST XFER  PARKMOBILE      WEB ID: PAYPALSI77",-1.05,ACH_DEBIT,71851.14,,
DEBIT,08/26/2024,"WHOLEFDS CRL 104 14598 CARMEL IN     448979  08/26",-156.89,DEBIT_CARD,71852.19,,
DEBIT,08/26/2024,"UNSPLASH INC. MONTREAL QC                    08/25",-84.00,DEBIT_CARD,72009.08,,
DEBIT,08/26/2024,"DUBLIN DUTY FREE T2 DUBLIN                   08/25 Euro       52.00 X 1.120192 (EXCHG RTE)",-58.25,DEBIT_CARD,72093.08,,
DEBIT,08/26/2024,"WRIGHTS OF HOWTH T1 DUBLIN                   08/25 Euro       59.75 X 1.120167 (EXCHG RTE)",-66.93,DEBIT_CARD,72151.33,,
DEBIT,08/26/2024,"ARTFUL AGENDA WWW.ARTFULAGE TN               08/25",-35.00,DEBIT_CARD,72218.26,,
DEBIT,08/26/2024,"Carrolls Irish Gifts 48 Dublin 2             08/24",-87.21,DEBIT_CARD,72253.26,,
DEBIT,08/26/2024,"ARAN SWEATER MARKET DUBLIN 2                 08/24 Euro       79.90 X 1.120150 (EXCHG RTE)",-89.50,DEBIT_CARD,72340.47,,
DEBIT,08/26/2024,"Trinity Woollen Mills Dublin 2               08/24",-97.00,DEBIT_CARD,72429.97,,
DEBIT,08/26/2024,"CHRISTOPHES DUBLIN                           08/24 Euro       11.50 X 1.120000 (EXCHG RTE)",-12.88,DEBIT_CARD,72526.97,,
DEBIT,08/26/2024,"Carrolls Irish Gifts Du Dublin 7             08/24",-146.61,DEBIT_CARD,72539.85,,
DEBIT,08/26/2024,"BUTLERS CHOCOLATE CAFE D02VN26               08/23 Euro       86.50 X 1.116647 (EXCHG RTE)",-96.59,DEBIT_CARD,72686.46,,
DEBIT,08/26/2024,"Carrolls Irish Gifts 37 Dublin 2             08/23",-21.04,DEBIT_CARD,72783.05,,
DEBIT,08/26/2024,"THE TEMPLE BAR TRADING DUBLIN                08/23 Euro       19.99 X 1.116558 (EXCHG RTE)",-22.32,DEBIT_CARD,72804.09,,
DEBIT,08/23/2024,"FOREIGN EXCHANGE RATE ADJUSTMENT FEE         08/22BUTLERS C",-0.18,FEE_TRANSACTION,72826.41,,
DEBIT,08/23/2024,"ENDEAVOR COMMUNI TELE BILL                  PPD ID: 1350978228",-79.99,ACH_DEBIT,72826.59,,
DEBIT,08/23/2024,"BUTLERS CHOCOLATE CAFE DUBLIN 2              08/22 Euro       5.50 X 1.118182 (EXCHG RTE)",-6.15,DEBIT_CARD,72906.58,,
DEBIT,08/22/2024,"AffirmCard       55TI AFFRM                 PPD ID: 1842224323",-251.28,MISC_DEBIT,72912.73,,
DEBIT,08/22/2024,"PAYPAL           INST XFER  HULU            WEB ID: PAYPALSI77",-17.99,ACH_DEBIT,73164.01,,
DEBIT,08/22/2024,"VENMO            PAYMENT    1036412564907   WEB ID: 3264681992",-150.00,MISC_DEBIT,73182.00,,
DEBIT,08/22/2024,"THEBARRECODE HTTPSTHEBARRE IN                08/22",-69.00,DEBIT_CARD,73332.00,,
DEBIT,08/22/2024,"OCULUS * 650-5434800 CA                      08/21",-10.69,DEBIT_CARD,73401.00,,
DEBIT,08/22/2024,"IND ISTORE EXP INDIANAPOLIS IN               08/21",-342.39,DEBIT_CARD,73411.69,,
DEBIT,08/22/2024,"STARBUCKS 800-782-728 800-782-7282 WA        08/21",-15.00,DEBIT_CARD,73754.08,,
DEBIT,08/22/2024,"APPLE.COM/BILL 866-712-7753 CA               08/21",-16.04,DEBIT_CARD,73769.08,,
DEBIT,08/21/2024,"AffirmCard       55TH AFFRM                 PPD ID: 1842224323",-233.37,MISC_DEBIT,73785.12,,
DEBIT,08/21/2024,"COSTCO GAS #0347 INDIANAPOLIS IN     092791  08/21",-42.46,DEBIT_CARD,74018.49,,
DEBIT,08/21/2024,"TST*SAHMS ALE HOUSE VIL Fishers IN           08/20",-21.84,DEBIT_CARD,74060.95,,
DEBIT,08/20/2024,"PAYPAL           INST XFER  UDEMY           WEB ID: PAYPALSI77",-9.99,ACH_DEBIT,74082.79,,
DEBIT,08/20/2024,"PAYPAL           INST XFER  MICHAELS        WEB ID: PAYPALSI77",-16.04,ACH_DEBIT,74092.78,,
DEBIT,08/20/2024,"PAYPAL           INST XFER  TARGETCORPO     WEB ID: PAYPALSI77",-64.16,ACH_DEBIT,74108.82,,
DEBIT,08/20/2024,"AffirmCard       55TG AFFRM                 PPD ID: 1842224323",-20.31,MISC_DEBIT,74172.98,,
DEBIT,08/20/2024,"ULTA #642 CARMEL IN                          08/20",-178.14,DEBIT_CARD,74193.29,,
DEBIT,08/20/2024,"JDF PROFILE WEB  PROFILEWEB 510002370565    WEB ID: 9304935336",-642.55,ACH_DEBIT,74371.43,,
DEBIT,08/20/2024,"BUSINESSOLVER BE 8775476257                 PPD ID: 1421503807",-1115.03,ACH_DEBIT,75013.98,,
DEBIT,08/20/2024,"DROPPS WWW.DROPPS.CO IL                      08/20",-60.19,DEBIT_CARD,76129.01,,
DEBIT,08/20/2024,"DD *DOORDASH PIADAIT WWW.DOORDASH. CA        08/20",-14.48,DEBIT_CARD,76189.20,,
CREDIT,08/20/2024,"IN CHILD SUPPORT IN18000         0007886214 CCD ID: 1356000158",64.00,ACH_CREDIT,76203.68,,
DEBIT,08/19/2024,"PAYPAL           INST XFER  1000BULBS       WEB ID: PAYPALSI77",-52.83,ACH_DEBIT,76139.68,,
DEBIT,08/19/2024,"PAYPAL           INST XFER  LOWES.COM       WEB ID: PAYPALSI77",-186.65,ACH_DEBIT,76192.51,,
DEBIT,08/19/2024,"SERVICE FINANCE  PAYMENTS                   PPD ID: 2201934942",-200.00,ACH_DEBIT,76379.16,,
DEBIT,08/19/2024,"AffirmCard       55TF AFFRM                 PPD ID: 1842224323",-25.99,MISC_DEBIT,76579.16,,
DEBIT,08/19/2024,"Online Transfer to CHK ...9516 transaction#: 21775337780 08/19",-1000.00,ACCT_XFER,76605.15,,
DEBIT,08/19/2024,"ACTBLUE* MAD.DOG.PAC HTTPSSECURE.A MA        08/19",-10.00,DEBIT_CARD,77605.15,,
DEBIT,08/19/2024,"PAYPAL           INST XFER  WOODWORKERS     WEB ID: PAYPALSI77",-1.49,ACH_DEBIT,77615.15,,
DEBIT,08/19/2024,"PAYPAL           INST XFER  WOODWORKERS     WEB ID: PAYPALSI77",-9.00,ACH_DEBIT,77616.64,,
DEBIT,08/19/2024,"GREEKS PIZZERIA OF MOO MOORESVILLE IN        08/18",-39.51,DEBIT_CARD,77625.64,,
DEBIT,08/19/2024,"LOWE'S #1168 MOORESVILLE IN          834307  08/18",-54.00,DEBIT_CARD,77665.15,,
DEBIT,08/19/2024,"APPLE.COM/BILL 866-712-7753 CA               08/18",-69.53,DEBIT_CARD,77719.15,,
DEBIT,08/19/2024,"APPLE.COM/BILL 866-712-7753 CA               08/17",-13.89,DEBIT_CARD,77788.68,,
DEBIT,08/19/2024,"PHYSIOCHECK / HIERHEBI TILBURG               08/17",-2.99,DEBIT_CARD,77802.57,,
DEBIT,08/19/2024,"PADDLE.NET* CLIPDROP PADDLE.COM NY           08/17",-9.00,DEBIT_CARD,77805.56,,
DEBIT,08/19/2024,"PRINTIFY.COM HTTPSPRINTIFY DE                08/16",-29.00,DEBIT_CARD,77814.56,,
DEBIT,08/19/2024,"LOVE'S #0254 OUTSIDE MOORESVILLE IN          08/16",-60.95,DEBIT_CARD,77843.56,,
DEBIT,08/19/2024,"CHICK-FIL-A #04978 317-779-1166 IN           08/15",-16.48,DEBIT_CARD,77904.51,,
DSLIP,08/19/2024,"REMOTE ONLINE DEPOSIT #          1",225.00,CHECK_DEPOSIT,77920.99,1,
DSLIP,08/19/2024,"REMOTE ONLINE DEPOSIT #          1",769.16,CHECK_DEPOSIT,77695.99,1,
DEBIT,08/16/2024,"GB* PATACHOU FOUNDAT HTTPSGIVEBUTT DE        08/16",-29.81,DEBIT_CARD,76926.83,,
DEBIT,08/16/2024,"Online Payment 21420865294 To Richard Crone 08/16",-250.00,BILLPAY,76956.64,,
DEBIT,08/16/2024,"FREE PEOPLE MOVEMENT INDIANAPOLIS IN         08/15",-115.56,DEBIT_CARD,77206.64,,
DEBIT,08/15/2024,"PAYPAL           INST XFER  GOOGLE GOOGLE O WEB ID: PAYPALSI77",-9.99,ACH_DEBIT,77322.20,,
DEBIT,08/15/2024,"PAYPAL           INST XFER  NETFLIX.COM     WEB ID: PAYPALSI77",-22.99,ACH_DEBIT,77332.19,,
DEBIT,08/15/2024,"WHOLEFDS CRL 104 14598 CARMEL IN     030297  08/15",-48.46,DEBIT_CARD,77355.18,,
DEBIT,08/15/2024,"WHITE HOUSE BLK 8702 INDIANAPOLIS IN 222559  08/15",-238.06,DEBIT_CARD,77403.64,,
DEBIT,08/15/2024,"NORDSTROM # 238 8702 INDIANAPOLIS IN 047861  08/15",-223.26,DEBIT_CARD,77641.70,,
CREDIT,08/15/2024,"SHOPIFY (USA) IN PAYROLL                    PPD ID: 2471039071",329.04,ACH_CREDIT,77864.96,,
DEBIT,08/14/2024,"PAYPAL           INST XFER  DECORATIVEF     WEB ID: PAYPALSI77",-139.48,ACH_DEBIT,77535.92,,
DEBIT,08/14/2024,"LOVE'S #0254 OUTSIDE MOORESVILLE IN          08/14",-49.64,DEBIT_CARD,77675.40,,
DEBIT,08/14/2024,"DEPT EDUCATION   STUDENT LN                 PPD ID: 9102002505",-1111.95,ACH_DEBIT,77725.04,,
DEBIT,08/14/2024,"AMAZON MKTPL*RM7AT4R Amzn.com/bill WA        08/14",-62.05,DEBIT_CARD,78836.99,,
DEBIT,08/14/2024,"TASKER ON TASKRABBIT WWW.TASKRABBI CA        08/13",-216.96,DEBIT_CARD,78899.04,,
DEBIT,08/13/2024,"AffirmCard       55T9 AFFRM                 PPD ID: 1842224323",-30.00,MISC_DEBIT,79116.00,,
DEBIT,08/13/2024,"APPLE.COM/BILL 866-712-7753 CA               08/13",-37.43,DEBIT_CARD,79146.00,,
DEBIT,08/13/2024,"DD *DOORDASH MANEETH WWW.DOORDASH. CA        08/13",-34.94,DEBIT_CARD,79183.43,,
DEBIT,08/12/2024,"AffirmCard       55T8 AFFRM                 PPD ID: 1842224323",-525.79,MISC_DEBIT,79218.37,,
DEBIT,08/12/2024,"WITHDRAWAL 08/12",-400.00,MISC_DEBIT,79744.16,,
DEBIT,08/12/2024,"PAYPAL           INST XFER  APPLE INC       WEB ID: PAYPALSI77",-1721.63,ACH_DEBIT,80144.16,,
DEBIT,08/12/2024,"OPENAI *CHATGPT SUBS HTTPSOPENAI.C CA        08/12",-20.00,DEBIT_CARD,81865.79,,
DEBIT,08/12/2024,"UBER   TRIP HELP.UBER.COM CA                 08/11",-23.51,DEBIT_CARD,81885.79,,
DEBIT,08/09/2024,"Zelle payment to Lucas JPM99alppg70",-1300.00,CHASE_TO_PARTNERFI,81909.30,,
DEBIT,08/09/2024,"WASTE MANAGEMENT INTERNET   043000093531456 WEB ID: 9049038216",-131.61,ACH_DEBIT,83209.30,,
DEBIT,08/09/2024,"VENMO            PAYMENT    1036173703799   WEB ID: 3264681992",-150.00,MISC_DEBIT,83340.91,,
DEBIT,08/09/2024,"ZING! CAFE  LLC CARMEL IN                    08/08",-12.82,DEBIT_CARD,83490.91,,
DEBIT,08/09/2024,"CHICK-FIL-A #04978 CARMEL IN                 08/07",-15.67,DEBIT_CARD,83503.73,,
DEBIT,08/09/2024,"AMAZON MKTPL*RM5RF83 Amzn.com/bill WA        08/09",-44.87,DEBIT_CARD,83519.40,,
DEBIT,08/08/2024,"DOMESTIC INCOMING WIRE FEE",-15.00,FEE_TRANSACTION,83564.27,,
DEBIT,08/08/2024,"AES PLUS AES.COM VA                          08/07",-96.77,DEBIT_CARD,83579.27,,
DEBIT,08/08/2024,"STARBUCKS 800-782-728 800-782-7282 WA        08/08",-15.00,DEBIT_CARD,83676.04,,
DEBIT,08/08/2024,"TODOIST HTTPSTODOIST. CA                     08/07",-48.00,DEBIT_CARD,83691.04,,
DEBIT,08/08/2024,"ZING! CAFE  LLC CARMEL IN                    08/07",-19.16,DEBIT_CARD,83739.04,,
CREDIT,08/08/2024,"Travelers        PER INSUR                  PPD ID: 4069827007",81.62,ACH_CREDIT,83758.20,,
CREDIT,08/08/2024,"FEDWIRE CREDIT VIA: HSBC BANK USA, N.A./021001088 B/O: MORGAN STANLEY SMITH BARNEY LLC US REF: CHASE NYC/CTR/BNF=KRISTIN L DAY CARMEL IN 46032-9667 US/AC-00000000207 8 RFB=O/B HSBC USA OBI=PAYMENT DISB REF 002FC5A1D BBI=/CHGS/USD0,00/ IMAD: 0808B1Q8983C003714 TRN: 0905651221FF",3219.10,WIRE_INCOMING,83676.58,,
DEBIT,08/07/2024,"Online Payment 21656766522 To Chad Snyder 08/07",-1000.00,BILLPAY,80457.48,,
DEBIT,08/07/2024,"LOWE'S #145 INDIANAPOLIS IN          872635  08/07",-465.00,DEBIT_CARD,81457.48,,
DEBIT,08/07/2024,"CVS/PHARMACY #01 01367 CARMEL IN     444105  08/07",-1.49,DEBIT_CARD,81922.48,,
CHECK,08/07/2024,"CHECK 4297  ",-75000.00,CHECK_PAID,81923.97,4297,
DEBIT,08/07/2024,"APPLE.COM/BILL 866-712-7753 CA               08/07",-8.99,DEBIT_CARD,156923.97,,
DEBIT,08/07/2024,"TACO BELL 3001075 CARMEL IN                  08/06",-16.00,DEBIT_CARD,156932.96,,
DEBIT,08/07/2024,"ZING! CAFE  LLC CARMEL IN                    08/06",-9.74,DEBIT_CARD,156948.96,,
DEBIT,08/06/2024,"PAYPAL           INST XFER  IKEANORTHAM IKE WEB ID: PAYPALSI77",-54.54,ACH_DEBIT,156958.70,,
DEBIT,08/06/2024,"PAYPAL           INST XFER  IKEANORTHAM IKE WEB ID: PAYPALSI77",-74.79,ACH_DEBIT,157013.24,,
DEBIT,08/06/2024,"COSTCO GAS #0347 INDIANAPOLIS IN     689101  08/06",-45.88,DEBIT_CARD,157088.03,,
DEBIT,08/06/2024,"IKEA FISHERS FISHERS IN              923930  08/06",-74.87,DEBIT_CARD,157133.91,,
DEBIT,08/06/2024,"CAPITAL ONE      CRCARDPMT  3XZ8PPW11RNY4U3 WEB ID: 9541719318",-41.00,ACH_DEBIT,157208.78,,
DEBIT,08/06/2024,"DUKEENERGY       BILL PAY   910105313273    WEB ID: DEIJPM4612",-100.53,ACH_DEBIT,157249.78,,
DEBIT,08/06/2024,"PAYPAL           RETRY PYMT GOOGLE YOUTUBE  WEB ID: PAYPALSI77",-22.99,ACH_DEBIT,157350.31,,
DEBIT,08/06/2024,"VENMO            PAYMENT    1036106630039   WEB ID: 3264681992",-2500.00,MISC_DEBIT,157373.30,,
DEBIT,08/06/2024,"ZING! CAFE  LLC CARMEL IN                    08/05",-9.74,DEBIT_CARD,159873.30,,
DEBIT,08/06/2024,"TST*SAHMS ALE HOUSE VIL Fishers IN           08/05",-31.17,DEBIT_CARD,159883.04,,
DEBIT,08/06/2024,"APPLE.COM/BILL 866-712-7753 CA               08/06",-10.69,DEBIT_CARD,159914.21,,
DEBIT,08/06/2024,"UDEMY: ONLINE COURSE HTTPSWWW.UDEM CA        08/05",-15.99,DEBIT_CARD,159924.90,,
DEBIT,08/06/2024,"WWW.SPEEDO.COM WILMINGTON DE                 08/05",-257.12,DEBIT_CARD,159940.89,,
CREDIT,08/06/2024,"IN CHILD SUPPORT IN18000         0007886214 CCD ID: 1356000158",452.00,ACH_CREDIT,160198.01,,
DEBIT,08/05/2024,"AffirmCard       55T1 AFFRM                 PPD ID: 1842224323",-708.98,MISC_DEBIT,159746.01,,
DEBIT,08/05/2024,"PAYPAL           INST XFER  GODADDY.COM     WEB ID: PAYPALSI77",-16.99,ACH_DEBIT,160454.99,,
DEBIT,08/05/2024,"DOR ITS PAYMENTS INDORITS   8932424         CCD ID: 9207000TAX",-1881.63,ACH_DEBIT,160471.98,,
DEBIT,08/05/2024,"PELOTON* MEMBERSHIP HTTPSWWW.ONEP NY         08/04",-44.00,DEBIT_CARD,162353.61,,
DEBIT,08/05/2024,"APPLE.COM/BILL 866-712-7753 CA               08/04",-32.08,DEBIT_CARD,162397.61,,
DEBIT,08/05/2024,"SPEEDWAY  4733 W 61ST HOBART IN              08/04",-55.16,DEBIT_CARD,162429.69,,
DEBIT,08/05/2024,"MCDONALD'S F11142 MERRILLVILLE IN            08/04",-4.63,DEBIT_CARD,162484.85,,
DEBIT,08/05/2024,"SWEETGREEN SOUTHPORT WEST CHICAGO IL         08/03",-4.15,DEBIT_CARD,162489.48,,
DEBIT,08/05/2024,"NORDSTROM #0220 444 N CHICAGO IL     649280  08/03",-194.04,DEBIT_CARD,162493.63,,
DEBIT,08/05/2024,"UBER   TRIP HELP.UBER.COM CA                 08/03",-20.00,DEBIT_CARD,162687.67,,
DEBIT,08/05/2024,"PARAMOUNT+ 888-274-5343 CA                   08/03",-11.99,DEBIT_CARD,162707.67,,
DEBIT,08/05/2024,"AD CREA* AD CREA ENTER PARIS                 08/02",-29.00,DEBIT_CARD,162719.66,,
DEBIT,08/05/2024,"J. CREW #513 CHICAGO IL                      08/02",-65.06,DEBIT_CARD,162748.66,,
CREDIT,08/05/2024,"IN CHILD SUPPORT IN18000         0007886214 CCD ID: 1356000158",162.00,ACH_CREDIT,162813.72,,
CREDIT,08/05/2024,"IN CHILD SUPPORT IN18000         0007886214 CCD ID: 1356000158",452.00,ACH_CREDIT,162651.72,,
DEBIT,08/02/2024,"VICTORIA'S SECRET 0600 CHICAGO IL    689907  08/02",-49.56,DEBIT_CARD,162199.72,,
DEBIT,08/02/2024,"WALGREENS STORE 757 N CHICAGO IL     206699  08/02",-27.55,DEBIT_CARD,162249.28,,
DEBIT,08/02/2024,"NORDSTROM RACK # 1010 CHICAGO IL     031095  08/02",-402.30,DEBIT_CARD,162276.83,,
DEBIT,08/02/2024,"HAIRBRELLA HTTPSWWW.HAIR GA                  08/02",-51.50,DEBIT_CARD,162679.13,,
DEBIT,08/02/2024,"JEWELERS-MUTUAL  INSURANCE  3151524         WEB ID: 0000000160",-180.00,ACH_DEBIT,162730.63,,
DEBIT,08/02/2024,"Disney Plus 888-9057888 CA                   08/02",-11.00,DEBIT_CARD,162910.63,,
DEBIT,08/02/2024,"PROG PALOVERDE   RETRY PYMT 905147028 Krist WEB ID: 9409348039",-152.81,ACH_DEBIT,162921.63,,
DEBIT,08/02/2024,"TRAVELERS        PER INSUR                  PPD ID: 4069827003",-247.00,ACH_DEBIT,163074.44,,
DEBIT,08/02/2024,"UPGRADE, INC.    PAYMENT    62710171        WEB ID: 1812807376",-6847.56,MISC_DEBIT,163321.44,,
DEBIT,08/02/2024,"UBER   TRIP HELP.UBER.COM CA                 08/02",-20.00,DEBIT_CARD,170169.00,,
DEBIT,08/02/2024,"UBER   TRIP HELP.UBER.COM CA                 08/02",-12.60,DEBIT_CARD,170189.00,,
DEBIT,08/02/2024,"UBER   TRIP HELP.UBER.COM CA                 08/02",-21.94,DEBIT_CARD,170201.60,,
DEBIT,08/02/2024,"STARBUCKS 800-782-728 800-782-7282 WA        08/02",-15.00,DEBIT_CARD,170223.54,,
DEBIT,08/02/2024,"GOOGLE *Workspace cc@google.com CA           08/01",-9.99,DEBIT_CARD,170238.54,,
DEBIT,08/02/2024,"ZING! CAFE  LLC CARMEL IN                    08/01",-12.17,DEBIT_CARD,170248.53,,
DEBIT,08/01/2024,"Online Transfer to CHK ...9516 transaction#: 21585663050 08/01",-6500.00,ACCT_XFER,170260.70,,
DEBIT,08/01/2024,"GOOGLE *GSUITE_dayin cc@google.com CA        08/01",-30.00,DEBIT_CARD,176760.70,,
DEBIT,08/01/2024,"JETPACK 8LGSH2NPN5 HTTPSWORDPRES CA          08/01",-14.95,DEBIT_CARD,176790.70,,
DEBIT,08/01/2024,"BETTER BODIES WC MEMBER PAY                 PPD ID: 1270559068",-54.00,ACH_DEBIT,176805.65,,
DEBIT,08/01/2024,"Best Egg         PAYMENT    45315129A       WEB ID: 2832915521",-4013.45,ACH_DEBIT,176859.65,,
DEBIT,08/01/2024,"ELASTIC PMT AH   PAYMENT    000000000332456 WEB ID: 1415076109",-4450.00,ACH_DEBIT,180873.10,,
DEBIT,08/01/2024,"TST*SAHMS ALE HOUSE VIL Fishers IN           07/31",-62.35,DEBIT_CARD,185323.10,,
DEBIT,08/01/2024,"AMAZON MKTPL*RF2883C Amzn.com/bill WA        08/01",-33.53,DEBIT_CARD,185385.45,,
DEBIT,08/01/2024,"APPLE.COM/BILL 866-712-7753 CA               07/31",-10.69,DEBIT_CARD,185418.98,,
DEBIT,08/01/2024,"MCDONALD'S F33737 MOORESVILLE IN             07/31",-1.83,DEBIT_CARD,185429.67,,
DEBIT,07/31/2024,"GOOGLE *YouTube Memb g.co/helppay# CA        07/31",-4.99,DEBIT_CARD,185431.50,,
DEBIT,07/31/2024,"Credit One Bank  Payment    53394349        WEB ID: WEB000004",-973.56,ACH_DEBIT,185436.49,,
DEBIT,07/31/2024,"Credit One Bank  Payment    61447525        WEB ID: WEB000004",-1453.85,ACH_DEBIT,186410.05,,
DEBIT,07/31/2024,"VENMO            REPAYMENT  1035976982273   WEB ID: 3364681992",-4997.06,ACH_DEBIT,187863.90,,
DEBIT,07/31/2024,"CAPITAL ONE AUTO CARPAY     CP012F7BC676F28 WEB ID: 9541719806",-30923.83,ACH_DEBIT,192860.96,,
DEBIT,07/31/2024,"TST* DANNY BOY BEER W 317-339-7952 IN        07/31",-11.54,DEBIT_CARD,223784.79,,
DEBIT,07/31/2024,"APPLE.COM/BILL 866-712-7753 CA               07/31",-38.35,DEBIT_CARD,223796.33,,
DEBIT,07/31/2024,"SUR LA TABLE CARMEL IN                       07/30",-172.06,DEBIT_CARD,223834.68,,
DEBIT,07/31/2024,"FLOW WATER USA FLOWHYDRATION VA              07/30",-68.37,DEBIT_CARD,224006.74,,
CREDIT,07/31/2024,"SHOPIFY (USA) IN PAYROLL                    PPD ID: 2471039071",6227.14,ACH_CREDIT,224075.11,,
DEBIT,07/30/2024,"DOMESTIC INCOMING WIRE FEE",-15.00,FEE_TRANSACTION,217847.97,,
DEBIT,07/30/2024,"PAYPAL           INST XFER  GODADDY.COM     WEB ID: PAYPALSI77",-29.99,ACH_DEBIT,217862.97,,
DEBIT,07/30/2024,"PAYPAL           INST XFER  PPCR CC REPAYME WEB ID: PAYPALSI77",-2586.28,ACH_DEBIT,217892.96,,
DEBIT,07/30/2024,"AFFIRM INC       AFFIRM PAY 2143356         WEB ID: 0000317218",-78.00,MISC_DEBIT,220479.24,,
DEBIT,07/30/2024,"AFFIRM INC       AFFIRM PAY 2143347         WEB ID: 0000317218",-746.01,MISC_DEBIT,220557.24,,
DEBIT,07/30/2024,"CAPITAL ONE      MOBILE PMT 3XXSJ84AR9K59MJ WEB ID: 9279744380",-1195.30,ACH_DEBIT,221303.25,,
DEBIT,07/30/2024,"WHOLEFDS CRL 104 14598 CARMEL IN     861477  07/30",-150.21,DEBIT_CARD,222498.55,,
DEBIT,07/30/2024,"Online Payment 21562289056 To Marla Scherle 07/30",-5500.00,BILLPAY,222648.76,,
CREDIT,07/30/2024,"FEDWIRE CREDIT VIA: FIRST AMERICAN TRUST, FSB/122241255 B/O: FIRST AMERICAN TITLE INSURANCE COMP92707 REF: CHASE NYC/CTR/BNF=KRISTIN L DAY CARMEL IN 46032-9667 US/AC-00000000207 8 RFB=O/B FST AM TR CO OBI=PROCEEDS FROM SALE 12914 UNIVERSITY CRESCEN T, UNIT 3B,(317)214-6678 BBI=/ACC/D DA/207808871 KRISTIN  IMAD: 0730L1B78J1C001657 TRN: 0739711212FF",228671.98,WIRE_INCOMING,228148.76,,
DEBIT,07/29/2024,"OVERDRAFT FEE FOR A $225.00 ITEM - DETAILS: ELASTIC PMT      PAYMENT    000000000332456 WEB ID: 1415076109",-34.00,FEE_TRANSACTION,-523.22,,
DEBIT,07/29/2024,"MYOLLIE SUBSCRIPTION HTTPSMYOLLIE. NV        07/28",-239.33,DEBIT_CARD,-489.22,,
DEBIT,07/29/2024,"APPLE.COM/BILL 866-712-7753 CA               07/27",-17.10,DEBIT_CARD,-249.89,,
DEBIT,07/29/2024,"Credit One Bank  Payment    53394349        WEB ID: WEB000004",-43.00,ACH_DEBIT,-232.79,,
DEBIT,07/29/2024,"Travelers        PER INSUR                  PPD ID: 4069827007",-101.34,ACH_DEBIT,-189.79,,
DEBIT,07/26/2024,"PAYPAL           INST XFER  PARKMOBILE      WEB ID: PAYPALSI77",-1.05,ACH_DEBIT,-88.45,,
DEBIT,07/26/2024,"ELASTIC PMT      PAYMENT    000000000332456 WEB ID: 1415076109",-225.00,ACH_DEBIT,-87.40,,
DEBIT,07/26/2024,"MEIJER # 256 PLAINFIELD IN                   07/25",-17.94,DEBIT_CARD,137.60,,
DEBIT,07/26/2024,"TACO BELL 29694 PLAINFIELD IN                07/25",-14.88,DEBIT_CARD,155.54,,
DEBIT,07/26/2024,"METABOLIC MEALS 636-2966325 MO               07/25",-191.31,DEBIT_CARD,170.42,,
DEBIT,07/26/2024,"AMZN Mktp US*RV6IY14 Amzn.com/bill WA        07/25",-71.80,DEBIT_CARD,361.73,,
DEBIT,07/26/2024,"AMAZON MKTPL*RV51O13 Amzn.com/bill WA        07/26",-51.35,DEBIT_CARD,433.53,,
DEBIT,07/25/2024,"CVS/PHARMACY #01 01367 CARMEL IN     051192  07/25",-20.32,DEBIT_CARD,484.88,,
DEBIT,07/25/2024,"TACO BELL 29694 PLAINFIELD IN                07/24",-3.90,DEBIT_CARD,505.20,,
DEBIT,07/25/2024,"DD DOORDASH DOORDASHG 855-431-0459 CA        07/25",-100.00,DEBIT_CARD,509.10,,
DEBIT,07/25/2024,"APPLE.COM/BILL 866-712-7753 CA               07/25",-10.69,DEBIT_CARD,609.10,,
CREDIT,07/25/2024,"Online Transfer from CHK ...9516 transaction#: 21512295039",250.00,ACCT_XFER,619.79,,
DEBIT,07/24/2024,"SPEEDWAY  6050 CAMBRID PLAINFIELD IN         07/24",-57.92,DEBIT_CARD,369.79,,
DEBIT,07/24/2024,"TST* DANNY BOY BEER W 317-339-7952 IN        07/24",-16.68,DEBIT_CARD,427.71,,
DEBIT,07/24/2024,"AMAZON MKTPL*RJ6YX2U Amzn.com/bill WA        07/24",-148.72,DEBIT_CARD,444.39,,
DEBIT,07/24/2024,"MCDONALD'S F33737 MOORESVILLE IN             07/23",-10.99,DEBIT_CARD,593.11,,
DEBIT,07/23/2024,"WHOLEFDS CRL 104 14598 CARMEL IN     002233  07/23",-50.82,DEBIT_CARD,604.10,,
DEBIT,07/23/2024,"ENDEAVOR COMMUNI TELE BILL                  PPD ID: 1350978228",-79.99,ACH_DEBIT,654.92,,
DEBIT,07/23/2024,"AMZN Mktp US*RJ5E01M Amzn.com/bill WA        07/22",-854.93,DEBIT_CARD,734.91,,
DEBIT,07/22/2024,"PAYPAL           INST XFER  HULU            WEB ID: PAYPALSI77",-17.99,ACH_DEBIT,1589.84,,
DEBIT,07/22/2024,"AFFIRM INC       AFFIRM PAY 9184964         WEB ID: 0000317218",-79.64,MISC_DEBIT,1607.83,,
DEBIT,07/22/2024,"SP LINNACO MATARO                            07/21",-34.32,DEBIT_CARD,1687.47,,
DEBIT,07/22/2024,"OCULUS * 650-5434800 CA                      07/21",-10.69,DEBIT_CARD,1721.79,,
DEBIT,07/22/2024,"TST* DANNY BOY BEER W 317-339-7952 IN        07/22",-48.62,DEBIT_CARD,1732.48,,
DEBIT,07/22/2024,"FAZOLIS - 1626 CARMEL IN                     07/21",-10.32,DEBIT_CARD,1781.10,,
DEBIT,07/22/2024,"AMAZON MKTPL*RJ7UP51 Amzn.com/bill WA        07/22",-10.69,DEBIT_CARD,1791.42,,
DEBIT,07/22/2024,"COSTCO GAS #0347 INDIANAPOLIS IN     626510  07/21",-31.35,DEBIT_CARD,1802.11,,
DEBIT,07/22/2024,"MCDONALD'S F33737 MOORESVILLE IN             07/21",-12.00,DEBIT_CARD,1833.46,,
DEBIT,07/22/2024,"ZING! CAFE  LLC CARMEL IN                    07/20",-7.32,DEBIT_CARD,1845.46,,
DEBIT,07/22/2024,"JDF PROFILE WEB  PROFILEWEB 510002370565    WEB ID: 9304935336",-642.55,ACH_DEBIT,1852.78,,
DEBIT,07/22/2024,"TST* SAHMS ALE HOUSE VI Fishers IN           07/19",-26.91,DEBIT_CARD,2495.33,,
DEBIT,07/22/2024,"AMAZON MKTPL*RS4HO5I Amzn.com/bill WA        07/20",-96.29,DEBIT_CARD,2522.24,,
DEBIT,07/22/2024,"ZING! CAFE  LLC CARMEL IN                    07/19",-7.32,DEBIT_CARD,2618.53,,
DEBIT,07/22/2024,"TST* CAFE PATACHOU CLAY CARMEL IN            07/19",-59.95,DEBIT_CARD,2625.85,,
DEBIT,07/19/2024,"Spectrum 855-707-7328 MO                     07/19",-99.99,DEBIT_CARD,2685.80,,
DEBIT,07/19/2024,"Credit One Bank  Payment    61447525        WEB ID: WEB000004",-49.00,ACH_DEBIT,2785.79,,
DEBIT,07/19/2024,"ACTBLUE* MAD.DOG.PAC HTTPSSECURE.A MA        07/19",-10.00,DEBIT_CARD,2834.79,,
DEBIT,07/19/2024,"WEST CLAY WINE & SPIRIT CARMEL IN            07/18",-46.00,DEBIT_CARD,2844.79,,
DEBIT,07/19/2024,"TACO BELL 039002 INDIANAPOLIS IN             07/18",-4.12,DEBIT_CARD,2890.79,,
DEBIT,07/19/2024,"METABOLIC MEALS 636-2966325 MO               07/18",-107.38,DEBIT_CARD,2894.91,,
DEBIT,07/19/2024,"APPLE.COM/BILL 866-712-7753 CA               07/19",-42.79,DEBIT_CARD,3002.29,,
DEBIT,07/19/2024,"Amazon.com*RJ47X9OT0 Amzn.com/bill WA        07/19",-177.33,DEBIT_CARD,3045.08,,
DEBIT,07/18/2024,"SERVICE FINANCE  PAYMENTS                   PPD ID: 2201934942",-200.00,ACH_DEBIT,3222.41,,
DEBIT,07/18/2024,"CRUNCHLABS - SP HTTPSWWW.CRUN CA             07/17",-320.36,DEBIT_CARD,3422.41,,
DEBIT,07/17/2024,"Online Payment 21089109012 To Marla Scherle 07/17",-500.00,BILLPAY,3742.77,,
DEBIT,07/17/2024,"UPGRADE, INC.    PAYMENT                    PPD ID: 1812807376",-334.43,MISC_DEBIT,4242.77,,
DEBIT,07/17/2024,"PADDLE.NET* CLIPDROP PADDLE.COM NY           07/17",-9.00,DEBIT_CARD,4577.20,,
DEBIT,07/17/2024,"PRINTIFY.COM HTTPSPRINTIFY DE                07/16",-29.00,DEBIT_CARD,4586.20,,
DEBIT,07/17/2024,"ACTIVE N FIT  NOW 844-646-2746 CA            07/16",86.00,DEBIT_CARD,4615.20,,
DEBIT,07/16/2024,"AFFIRM INC       AFFIRM PAY 7753812         WEB ID: 0000317218",-136.39,MISC_DEBIT,4529.20,,
DEBIT,07/16/2024,"Online Payment 21078722258 To Richard Crone 07/16",-250.00,BILLPAY,4665.59,,
DEBIT,07/16/2024,"VENMO            PAYMENT    1035682452492   WEB ID: 3264681992",-150.00,MISC_DEBIT,4915.59,,
DEBIT,07/16/2024,"EDGE UTILITIES 513-3210868 KY                07/15",-128.96,DEBIT_CARD,5065.59,,
DEBIT,07/16/2024,"MCDONALD'S F33737 MOORESVILLE IN             07/15",-14.88,DEBIT_CARD,5194.55,,
DEBIT,07/16/2024,"AMAZON MKTPL*RS43S4E Amzn.com/bill WA        07/15",-16.23,DEBIT_CARD,5209.43,,
DEBIT,07/16/2024,"CREW CARWASH  - WEBCO 866-632-5627 IN        07/14",-29.99,DEBIT_CARD,5225.66,,
DEBIT,07/16/2024,"AMAZON MKTPL*RS20M5O Amzn.com/bill WA        07/15",-22.92,DEBIT_CARD,5255.65,,
DEBIT,07/16/2024,"ACTIVE N FIT  NOW 844-646-2746 CA            07/15",38.00,DEBIT_CARD,5278.57,,
DEBIT,07/16/2024,"FORMIDABLEFORMS - DE HTTPSFORMIDAB UT        07/15",39.50,DEBIT_CARD,5240.57,,
DEBIT,07/16/2024,"ACTIVE N FIT  NOW 844-646-2746 CA            07/15",43.00,DEBIT_CARD,5201.07,,
DEBIT,07/16/2024,"FORMIDABLEFORMS - DE HTTPSFORMIDAB UT        07/15",99.50,DEBIT_CARD,5158.07,,
DEBIT,07/15/2024,"PSVJ             JPMC FEE   7334302         WEB ID: 0000408976",-1.00,ACH_DEBIT,5058.57,,
DEBIT,07/15/2024,"PSVJ             JPMC FEE   7334300         WEB ID: 0000408976",-1.00,ACH_DEBIT,5059.57,,
DEBIT,07/15/2024,"PAYPAL           INST XFER  GOOGLE GOOGLE O WEB ID: PAYPALSI77",-9.99,ACH_DEBIT,5060.57,,
DEBIT,07/15/2024,"PAYPAL           INST XFER  NETFLIX.COM     WEB ID: PAYPALSI77",-22.99,ACH_DEBIT,5070.56,,
DEBIT,07/15/2024,"HAMILTONCOTREASR TAXPMT     7334355         WEB ID: 0000408976",-80.00,ACH_DEBIT,5093.55,,
DEBIT,07/15/2024,"HAMILTONCOTREASR TAXPMT     7334355         WEB ID: 0000408976",-804.00,ACH_DEBIT,5173.55,,
DEBIT,07/15/2024,"WHOLEFDS CRL 104 14598 CARMEL IN     755679  07/15",-175.80,DEBIT_CARD,5977.55,,
DEBIT,07/15/2024,"CAPITAL ONE AUTO DIRECTPAY                  PPD ID: 9541719802",-875.43,ACH_DEBIT,6153.35,,
DEBIT,07/15/2024,"Online Transfer to CHK ...9516 transaction#: 21413024324 07/15",-400.00,ACCT_XFER,7028.78,,
DEBIT,07/15/2024,"SP LIFTLUXEBRA SAULT STE MAR ON              07/15",-34.99,DEBIT_CARD,7428.78,,
DEBIT,07/15/2024,"FAZOLIS - 1618 INDIANAPOLIS IN               07/14",-13.05,DEBIT_CARD,7463.77,,
DEBIT,07/15/2024,"DD DOORDASH MANEETHAI 855-973-1040 CA        07/15",-25.05,DEBIT_CARD,7476.82,,
DEBIT,07/15/2024,"MCDONALD'S F33737 MOORESVILLE IN             07/14",-8.30,DEBIT_CARD,7501.87,,
DEBIT,07/15/2024,"VALET TIPS HTTPSPARKINGM TN                  07/14",-8.65,DEBIT_CARD,7510.17,,
DEBIT,07/15/2024,"VALET TIPS HTTPSPARKINGM TN                  07/14",-12.65,DEBIT_CARD,7518.82,,
DEBIT,07/15/2024,"VALET TIPS HTTPSPARKINGM TN                  07/14",-8.65,DEBIT_CARD,7531.47,,
DEBIT,07/15/2024,"HOMEWOOD SUITES INDIANAPOLIS IN              07/13",-22.00,DEBIT_CARD,7540.12,,
DEBIT,07/15/2024,"MCDONALD'S F33737 MOORESVILLE IN             07/13",-10.03,DEBIT_CARD,7562.12,,
DEBIT,07/15/2024,"LOVE'S #0254 OUTSIDE MOORESVILLE IN          07/13",-58.62,DEBIT_CARD,7572.15,,
DEBIT,07/15/2024,"AMAZON MKTPL*RY23322 Amzn.com/bill WA        07/14",-24.06,DEBIT_CARD,7630.77,,
DEBIT,07/15/2024,"SP MODERN STANDARD. HTTPSMODERNST WA         07/13",-57.95,DEBIT_CARD,7654.83,,
DEBIT,07/15/2024,"DEPT EDUCATION   STUDENT LN                 PPD ID: 9102002505",-1111.95,ACH_DEBIT,7712.78,,
DEBIT,07/15/2024,"AMAZON MKTPL*RY4FJ46 Amzn.com/bill WA        07/13",-9.61,DEBIT_CARD,8824.73,,
DEBIT,07/15/2024,"AMAZON MKTPL*RY7IK4D Amzn.com/bill WA        07/13",-8.55,DEBIT_CARD,8834.34,,
DEBIT,07/15/2024,"SP MAUI NUI VENISON HTTPSMAUINUIV CA         07/12",-139.00,DEBIT_CARD,8842.89,,
CREDIT,07/15/2024,"SHOPIFY (USA) IN PAYROLL                    PPD ID: 2471039071",6227.15,ACH_CREDIT,8981.89,,
DEBIT,07/12/2024,"OPENAI *CHATGPT SUBS HTTPSOPENAI.C CA        07/12",-20.00,DEBIT_CARD,2754.74,,
DEBIT,07/12/2024,"AMAZON MKTPL*RY1PF5X Amzn.com/bill WA        07/12",-75.96,DEBIT_CARD,2774.74,,
DEBIT,07/12/2024,"CHICK-FIL-A #02729 MERRILLVILLE IN           07/10",-20.34,DEBIT_CARD,2850.70,,
DEBIT,07/11/2024,"Best Egg         PAYMENT                    PPD ID: 2832915521",-178.90,ACH_DEBIT,2871.04,,
DEBIT,07/11/2024,"FSP*URBAN SOCIETY SALON CARMEL IN            07/10",-242.58,DEBIT_CARD,3049.94,,
DEBIT,07/11/2024,"DD DOORDASH PAPAJOHNS 855-973-1040 CA        07/11",-35.62,DEBIT_CARD,3292.52,,
DEBIT,07/11/2024,"AMAZON MKTPL*RY97Y6A Amzn.com/bill WA        07/10",-18.18,DEBIT_CARD,3328.14,,
DEBIT,07/10/2024,"WHOLEFDS CRL 104 14598 CARMEL IN     418696  07/10",-61.89,DEBIT_CARD,3346.32,,
DEBIT,07/10/2024,"AffirmCard       55QE AFFRM                 PPD ID: 1842224323",-661.05,MISC_DEBIT,3408.21,,
DEBIT,07/10/2024,"Online Transfer to CHK ...9516 transaction#: 21364799223 07/10",-800.00,ACCT_XFER,4069.26,,
DEBIT,07/10/2024,"SP SLOOMOO CHICAGO 917-8182982 IL            07/09",-27.56,DEBIT_CARD,4869.26,,
DEBIT,07/09/2024,"SLOOMOO INSTITUTE WWW.SLOOMOOIN IL           07/09",-132.28,DEBIT_CARD,4896.82,,
DEBIT,07/09/2024,"SP OLIPOP HTTPSOLIPOPST CA                   07/09",-32.73,DEBIT_CARD,5029.10,,
DEBIT,07/09/2024,"AffirmCard       55Q8 AFFRM                 PPD ID: 1842224323",-626.55,MISC_DEBIT,5061.83,,
DEBIT,07/09/2024,"UBER   TRIP HELP.UBER.COM CA                 07/09",-42.28,DEBIT_CARD,5688.38,,
CREDIT,07/09/2024,"IN CHILD SUPPORT IN18000         0007886214 CCD ID: 1356000158",290.00,ACH_CREDIT,5730.66,,
DEBIT,07/08/2024,"AffirmCard       55QC AFFRM                 PPD ID: 1842224323",-56.65,MISC_DEBIT,5440.66,,
DEBIT,07/08/2024,"VENMO            PAYMENT    1035519416021   WEB ID: 3264681992",-50.00,MISC_DEBIT,5497.31,,
DEBIT,07/08/2024,"CAPITAL ONE      CRCARDPMT  3XSP6HS752RT9FF WEB ID: 9541719318",-40.00,ACH_DEBIT,5547.31,,
DEBIT,07/08/2024,"DUKEENERGY       BILL PAY   910105313273    WEB ID: DEIJPM4612",-101.98,ACH_DEBIT,5587.31,,
DEBIT,07/08/2024,"CHICAGO ST* FOOD AND 187-77343767 IL         07/07",-54.58,DEBIT_CARD,5689.29,,
DEBIT,07/08/2024,"CHICAGO ST* FOOD AND 187-77343767 IL         07/07",-21.40,DEBIT_CARD,5743.87,,
DEBIT,07/08/2024,"COSTCO GAS #0347 INDIANAPOLIS IN     796469  07/07",-46.79,DEBIT_CARD,5765.27,,
DEBIT,07/08/2024,"MCDONALD'S F33737 MOORESVILLE IN             07/07",-19.00,DEBIT_CARD,5812.06,,
DEBIT,07/08/2024,"AES PLUS AES.COM VA                          07/07",-4.40,DEBIT_CARD,5831.06,,
DEBIT,07/08/2024,"DD DOORDASH TACOBELL 855-973-1040 CA         07/07",-47.35,DEBIT_CARD,5835.46,,
DEBIT,07/08/2024,"PENSKE TRK LSG 050010 INDIANAPOLIS IN        07/06",-88.46,DEBIT_CARD,5882.81,,
DEBIT,07/08/2024,"POPEYES 11298 INDIANAPOLIS IN                07/05",-15.58,DEBIT_CARD,5971.27,,
DEBIT,07/08/2024,"CHICK-FIL-A #01628 INDIANAPOLIS IN           07/05",-10.50,DEBIT_CARD,5986.85,,
DEBIT,07/08/2024,"PRIVACY*PRIVACYPOLICY TIMISOARA              07/05",-110.00,DEBIT_CARD,5997.35,,
DEBIT,07/08/2024,"ZING! CAFE  LLC CARMEL IN                    07/05",-21.91,DEBIT_CARD,6107.35,,
CREDIT,07/08/2024,"ELASTIC FUND     ADVANCE                    PPD ID: 1415076109",4275.00,ACH_CREDIT,6129.26,,
DEBIT,07/05/2024,"FOREIGN EXCHANGE RATE ADJUSTMENT FEE         07/03ADVANCED",-2.00,FEE_TRANSACTION,1854.26,,
DEBIT,07/05/2024,"ZOC INTERNET LEG IAT PAYPAL 1035474637673   WEB ID: 770510487C",-76.00,ACH_DEBIT,1856.26,,
DEBIT,07/05/2024,"CVS/PHARM 01367--13090 CARMEL IN             07/05",-24.59,DEBIT_CARD,1932.26,,
DEBIT,07/05/2024,"VENMO            REPAYMENT  1035442518846   WEB ID: 3364681992",-159.00,ACH_DEBIT,1956.85,,
DEBIT,07/05/2024,"TARGET        00013664 CARMEL IN             07/04",-29.95,DEBIT_CARD,2115.85,,
DEBIT,07/05/2024,"TST* FLIX BREWHOUSE - 317-824-9111 IN        07/04",-29.63,DEBIT_CARD,2145.80,,
DEBIT,07/05/2024,"TST* SAHMS ALE HOUSE VI Fishers IN           07/03",-49.92,DEBIT_CARD,2175.43,,
DEBIT,07/05/2024,"ADVANCED ADS WP PLUGIN GREIFSWALD            07/03 Euro       62.30 X 1.074960 (EXCHG RTE)",-66.97,DEBIT_CARD,2225.35,,
DEBIT,07/05/2024,"TST* CAFE PATACHOU-ZION Zionsville IN        07/03",-92.46,DEBIT_CARD,2292.32,,
DEBIT,07/05/2024,"ZING! CAFE  LLC CARMEL IN                    07/03",-7.32,DEBIT_CARD,2384.78,,
DEBIT,07/05/2024,"CHICK-FIL-A #01628 INDIANAPOLIS IN           07/03",-16.22,DEBIT_CARD,2392.10,,
DEBIT,07/05/2024,"AMAZON MKTPL*R70ZS48 Amzn.com/bill WA        07/03",-33.53,DEBIT_CARD,2408.32,,
DEBIT,07/05/2024,"AMAZON MKTPL*R79ZC68 Amzn.com/bill WA        07/03",-73.67,DEBIT_CARD,2441.85,,
DEBIT,07/03/2024,"ACTIVE N FIT  NOW 844-646-2746 CA            07/03",-66.00,DEBIT_CARD,2515.52,,
DEBIT,07/03/2024,"PAYPAL           INST XFER  PPCR CC REPAYME WEB ID: PAYPALSI77",-86.00,ACH_DEBIT,2581.52,,
DEBIT,07/03/2024,"PARAMOUNT+ 888-274-5343 CA                   07/03",-11.99,DEBIT_CARD,2667.52,,
DEBIT,07/03/2024,"AD CREA* AD CREA ENTER PARIS                 07/02",-29.00,DEBIT_CARD,2679.51,,
DEBIT,07/03/2024,"IN BIZ CONV. FEE 615-730-6367 TN             07/01",-1.00,DEBIT_CARD,2708.51,,
CREDIT,07/03/2024,"IN CHILD SUPPORT IN18000         0007886214 CCD ID: 1356000158",162.00,ACH_CREDIT,2709.51,,
CREDIT,07/03/2024,"IN CHILD SUPPORT IN18000         0007886214 CCD ID: 1356000158",452.00,ACH_CREDIT,2547.51,,
DEBIT,07/02/2024,"AFFIRM INC       AFFIRM PAY 3038962         WEB ID: 0000317218",-195.21,MISC_DEBIT,2095.51,,
DEBIT,07/02/2024,"TST* SAHMS ALE HOUSE VI Fishers IN           07/01",-32.58,DEBIT_CARD,2290.72,,
DEBIT,07/02/2024,"JETPACK 0LJSHCPVN9 HTTPSWORDPRES CA          07/01",-14.95,DEBIT_CARD,2323.30,,
DEBIT,07/02/2024,"GOOGLE *Workspace cc@google.com CA           07/01",-9.99,DEBIT_CARD,2338.25,,
DEBIT,07/02/2024,"GREEKS PIZZERIA CARMEL CARMEL IN             07/01",-30.05,DEBIT_CARD,2348.24,,
DEBIT,07/02/2024,"INDIANA SECRETARY OF 317-234-9768 IN         07/01",-20.00,DEBIT_CARD,2378.29,,
DEBIT,07/01/2024,"LOGOJOY INC      IAT PAYPAL 1035382514982   WEB ID: 770510487C",-20.00,ACH_DEBIT,2398.29,,
DEBIT,07/01/2024,"KRISTIN DAY BACSEARCH.COM IN                 07/01",-100.00,DEBIT_CARD,2418.29,,
DEBIT,07/01/2024,"GOOGLE *GSUITE_dayin cc@google.com CA        07/01",-23.28,DEBIT_CARD,2518.29,,
DEBIT,07/01/2024,"PAYPAL           INST XFER  GODADDY.COM     WEB ID: PAYPALSI77",-12.17,ACH_DEBIT,2541.57,,
DEBIT,07/01/2024,"PAYPAL           INST XFER  GODADDY.COM     WEB ID: PAYPALSI77",-29.99,ACH_DEBIT,2553.74,,
DEBIT,07/01/2024,"PAYPAL           INST XFER  GODADDY.COM     WEB ID: PAYPALSI77",-34.99,ACH_DEBIT,2583.73,,
DEBIT,07/01/2024,"VENMO            PAYMENT    1035348133648   WEB ID: 3264681992",-50.00,MISC_DEBIT,2618.72,,
DEBIT,07/01/2024,"TST* DANNY BOY BEER WOR Carmel IN            06/30",-27.79,DEBIT_CARD,2668.72,,
DEBIT,07/01/2024,"PAID MEMBERSHIPS PRO HTTPSWWW.PAID PA        06/30",-347.00,DEBIT_CARD,2696.51,,
DEBIT,07/01/2024,"FORMIDABLEFORMS - DE HTTPSFORMIDAB UT        06/30",-299.50,DEBIT_CARD,3043.51,,
DEBIT,07/01/2024,"FORMIDABLEFORMS - DE HTTPSFORMIDAB UT        06/30",-99.50,DEBIT_CARD,3343.01,,
DEBIT,07/01/2024,"FORMIDABLEFORMS - DE HTTPSFORMIDAB UT        06/30",-39.50,DEBIT_CARD,3442.51,,
DEBIT,07/01/2024,"TST* CAFE PATACHOU CLAY CARMEL IN            06/30",-55.86,DEBIT_CARD,3482.01,,
DEBIT,07/01/2024,"GOOGLE *YouTube Memb g.co/helppay# CA        06/30",-4.99,DEBIT_CARD,3537.87,,
DEBIT,07/01/2024,"APPLE.COM/BILL 866-712-7753 CA               06/30",-38.35,DEBIT_CARD,3542.86,,
DEBIT,07/01/2024,"IKEA 458586137 888-434-4532 MD               06/29",-1007.84,DEBIT_CARD,3581.21,,
DEBIT,07/01/2024,"BETTER BODIES WC MEMBER PAY                 PPD ID: 1270559068",-54.00,ACH_DEBIT,4589.05,,
DEBIT,07/01/2024,"FLOW WATER USA FLOWHYDRATION VA              06/29",-68.37,DEBIT_CARD,4643.05,,
DEBIT,07/01/2024,"MCDONALD'S F33737 MOORESVILLE IN             06/28",-6.57,DEBIT_CARD,4711.42,,
DEBIT,06/28/2024,"PELOTON* MEMBERSHIP HTTPSWWW.ONEP NY         06/28",-44.00,DEBIT_CARD,4717.99,,
DEBIT,06/28/2024,"Online Payment 20937408185 To Village of West Clay Owners Assc 06/28",-168.00,BILLPAY,4761.99,,
DEBIT,06/28/2024,"Online Payment 20937597754 To Wentworth 06/28",-246.61,BILLPAY,4929.99,,
DEBIT,06/28/2024,"Online Payment 20937496553 To Darla Crone 06/28",-1000.00,BILLPAY,5176.60,,
DEBIT,06/28/2024,"Disney Plus 888-9057888 CA                   06/28",-11.00,DEBIT_CARD,6176.60,,
CREDIT,06/28/2024,"SHOPIFY (USA) IN PAYROLL                    PPD ID: 2471039071",6180.60,ACH_CREDIT,6187.60,,
DEBIT,06/27/2024,"PAYPAL           INST XFER  GOOGLE YOUTUBE  WEB ID: PAYPALSI77",-22.99,ACH_DEBIT,7.00,,
DEBIT,06/27/2024,"SQ *ELEPHANTINE BAKERY Portsmouth NH         06/27",-36.45,DEBIT_CARD,29.99,,
DEBIT,06/27/2024,"PROG PALOVERDE   INS PREM   905147028 Krist WEB ID: 9409348039",-152.83,ACH_DEBIT,66.44,,
DEBIT,06/27/2024,"Credit One Bank  Payment    53394349        WEB ID: WEB000004",-30.00,ACH_DEBIT,219.27,,
DEBIT,06/27/2024,"Travelers        PER INSUR                  PPD ID: 4069827007",-101.34,ACH_DEBIT,249.27,,
DEBIT,06/27/2024,"SQ *TUGBOAT ALLEY Portsmouth NH              06/26",-171.99,DEBIT_CARD,350.61,,
DEBIT,06/27/2024,"LS BOBBLES AND LACE P 197-82735642 NH        06/26",-139.00,DEBIT_CARD,522.60,,
DEBIT,06/27/2024,"PADDLE.NET* COOLORS New York NY              06/26",-36.00,DEBIT_CARD,661.60,,
DEBIT,06/26/2024,"PAYPAL           INST XFER  GODADDY.COM     WEB ID: PAYPALSI77",-21.16,ACH_DEBIT,697.60,,
DEBIT,06/26/2024,"SQ *THE JUICERY - PORTS Portsmouth NH        06/26",-10.42,DEBIT_CARD,718.76,,
DEBIT,06/26/2024,"SQ *CERES BAKERY Portsmouth NH               06/26",-16.25,DEBIT_CARD,729.18,,
DEBIT,06/26/2024,"SQ *CUP OF JOE Portsmouth NH                 06/26",-11.50,DEBIT_CARD,745.43,,
DEBIT,06/26/2024,"INK BY HUDSON ST2069 INDIANAPOLIS IN         06/25",-6.37,DEBIT_CARD,756.93,,
DEBIT,06/26/2024,"INK BY HUDSON ST2069 INDIANAPOLIS IN         06/25",-21.39,DEBIT_CARD,763.30,,
DEBIT,06/26/2024,"FREELANCER.COM LONDON                        06/21",-1317.41,DEBIT_CARD,784.69,,
CREDIT,06/26/2024,"Online Transfer from CHK ...9516 transaction#: 21214689455",500.00,ACCT_XFER,2102.10,,
DEBIT,06/25/2024,"CVS/PHARMACY #10 10174 BOSTON MA     450537  06/25",-18.57,DEBIT_CARD,1602.10,,
DEBIT,06/25/2024,"CVS/PHARMACY #10 10174 BOSTON MA     350510  06/25",-5.30,DEBIT_CARD,1620.67,,
DEBIT,06/24/2024,"WHOLEFDS CRL 104 14598 CARMEL IN     349189  06/24",-134.66,DEBIT_CARD,1625.97,,
DEBIT,06/24/2024,"PAYPAL           INST XFER  HULU            WEB ID: PAYPALSI77",-17.99,ACH_DEBIT,1760.63,,
DEBIT,06/24/2024,"TST* SAHMS ALE HOUSE VI Fishers IN           06/23",-51.74,DEBIT_CARD,1778.62,,
DEBIT,06/24/2024,"ALL AMERICAN STO NEW HAVEN IN                06/23",-61.05,DEBIT_CARD,1830.36,,
DEBIT,06/24/2024,"TACO BELL 021131 NEW HAVEN IN                06/23",-3.65,DEBIT_CARD,1891.41,,
DEBIT,06/24/2024,"FSP*URBAN SOCIETY SALON CARMEL IN            06/22",-183.70,DEBIT_CARD,1895.06,,
DEBIT,06/24/2024,"TST* SAHMS ALE HOUSE VI Fishers IN           06/22",-24.73,DEBIT_CARD,2078.76,,
DEBIT,06/24/2024,"APPLE.COM/US 800-676-2775 CA                 06/23",-105.93,DEBIT_CARD,2103.49,,
DEBIT,06/24/2024,"APPLE CASH SENT MONE 1INFINITELOOP CA        06/23",-200.00,DEBIT_CARD,2209.42,,
DEBIT,06/24/2024,"TST* DANNY BOY BEER W 317-339-7952 IN        06/22",-16.68,DEBIT_CARD,2409.42,,
DEBIT,06/24/2024,"METAPAY*S37VA3G832 650-5434800 CA            06/21",-10.69,DEBIT_CARD,2426.10,,
DEBIT,06/24/2024,"TST* DANNY BOY BEER WOR Carmel IN            06/21",-38.89,DEBIT_CARD,2436.79,,
DEBIT,06/24/2024,"TST* CAFE PATACHOU CLAY CARMEL IN            06/21",-51.78,DEBIT_CARD,2475.68,,
DEBIT,06/24/2024,"ZING! CAFE  LLC CARMEL IN                    06/21",-10.12,DEBIT_CARD,2527.46,,
DEBIT,06/24/2024,"AMAZON MKTPL*B33041C Amzn.com/bill WA        06/22",-64.18,DEBIT_CARD,2537.58,,
CREDIT,06/24/2024,"AffirmCard       55O0 AFFRM                 PPD ID: 1842224323",10.00,MISC_CREDIT,2601.76,,
DEBIT,06/21/2024,"ENDEAVOR COMMUNI TELE BILL                  PPD ID: 1350978228",-79.99,ACH_DEBIT,2591.76,,
DEBIT,06/21/2024,"TST* SAHMS ALE HOUSE VI Fishers IN           06/20",-21.24,DEBIT_CARD,2671.75,,
DEBIT,06/21/2024,"FSP*URBAN SOCIETY SALON CARMEL IN            06/20",-65.94,DEBIT_CARD,2692.99,,
DEBIT,06/21/2024,"FLIX BREWHOUSE CARMEL IN                     06/20",-134.15,DEBIT_CARD,2758.93,,
CREDIT,06/21/2024,"Online Transfer from CHK ...9516 transaction#: 21161760462",1500.00,ACCT_XFER,2893.08,,
DSLIP,06/21/2024,"REMOTE ONLINE DEPOSIT #          1",129.99,CHECK_DEPOSIT,1393.08,1,
DSLIP,06/21/2024,"REMOTE ONLINE DEPOSIT #          1",135.15,CHECK_DEPOSIT,1263.09,1,
DEBIT,06/20/2024,"AFFIRM INC       AFFIRM PAY 9205399         WEB ID: 0000317218",-79.64,MISC_DEBIT,1127.94,,
DEBIT,06/20/2024,"OPENAI HTTPSOPENAI.C CA                      06/20",-15.11,DEBIT_CARD,1207.58,,
DEBIT,06/20/2024,"JDF PROFILE WEB  PROFILEWEB 510002370565    WEB ID: 9304935336",-642.55,ACH_DEBIT,1222.69,,
DEBIT,06/20/2024,"APPLE.COM/BILL 866-712-7753 CA               06/20",-36.36,DEBIT_CARD,1865.24,,
DEBIT,06/20/2024,"ACTBLUE* MAD.DOG.PAC HTTPSSECURE.A MA        06/19",-10.00,DEBIT_CARD,1901.60,,
DEBIT,06/20/2024,"Spectrum 855-707-7328 MO                     06/19",-99.99,DEBIT_CARD,1911.60,,
DEBIT,06/20/2024,"Credit One Bank  Payment    61447525        WEB ID: WEB000004",-44.00,ACH_DEBIT,2011.59,,
DEBIT,06/20/2024,"APPLE.COM/BILL 866-712-7753 CA               06/19",-45.99,DEBIT_CARD,2055.59,,
DEBIT,06/18/2024,"SERVICE FINANCE  PAYMENTS                   PPD ID: 2201934942",-200.00,ACH_DEBIT,2101.58,,
DEBIT,06/18/2024,"FRABERGS FOODS MONROVIA IN                   06/17",-26.68,DEBIT_CARD,2301.58,,
DEBIT,06/18/2024,"TACO BELL 29694 PLAINFIELD IN                06/17",-3.90,DEBIT_CARD,2328.26,,
DEBIT,06/18/2024,"Etsy.com - BlastCornho 844-6593879 NY        06/17",-158.35,DEBIT_CARD,2332.16,,
DEBIT,06/18/2024,"ZING! CAFE  LLC CARMEL IN                    06/17",-10.12,DEBIT_CARD,2490.51,,
DEBIT,06/17/2024,"TARGET T- 2673 E MAIN PLAINFIELD IN          06/17",-307.06,DEBIT_CARD,2500.63,,
DEBIT,06/17/2024,"COSTCO WHSE #0347 INDIANAPOLIS IN    854861  06/17",-4.34,DEBIT_CARD,2807.69,,
DEBIT,06/17/2024,"COSTCO WHSE #0347 INDIANAPOLIS IN    254638  06/17",-113.17,DEBIT_CARD,2812.03,,
DEBIT,06/17/2024,"VENMO            PAYMENT    1035076680650   WEB ID: 3264681992",-150.00,MISC_DEBIT,2925.20,,
DEBIT,06/17/2024,"PAYPAL           INST XFER  GOOGLE GOOGLE S WEB ID: PAYPALSI77",-9.99,ACH_DEBIT,3075.20,,
DEBIT,06/17/2024,"PAYPAL           INST XFER  NETFLIX.COM     WEB ID: PAYPALSI77",-22.99,ACH_DEBIT,3085.19,,
DEBIT,06/17/2024,"CAPITAL ONE AUTO DIRECTPAY                  PPD ID: 9541719802",-875.43,ACH_DEBIT,3108.18,,
DEBIT,06/17/2024,"PADDLE.NET* CLIPDROP PADDLE.COM NY           06/17",-9.00,DEBIT_CARD,3983.61,,
DEBIT,06/17/2024,"MEIJER # 130 CARMEL IN                       06/16",-7.98,DEBIT_CARD,3992.61,,
DEBIT,06/17/2024,"WHOLEFDS CRL 104 14598 CARMEL IN     312645  06/16",-34.79,DEBIT_CARD,4000.59,,
DEBIT,06/17/2024,"PRINTIFY.COM HTTPSPRINTIFY DE                06/16",-29.00,DEBIT_CARD,4035.38,,
DEBIT,06/17/2024,"TST* CAFE PATACHOU CLAY CARMEL IN            06/16",-39.51,DEBIT_CARD,4064.38,,
DEBIT,06/17/2024,"MULDOONS OF CARMEL CARMEL IN                 06/15",-8.00,DEBIT_CARD,4103.89,,
DEBIT,06/17/2024,"CULVERS PLAINFIELD PERR PLAINFIELD IN        06/15",-8.15,DEBIT_CARD,4111.89,,
DEBIT,06/17/2024,"PANERA BREAD #601112 P PLAINFIELD IN         06/15",-17.95,DEBIT_CARD,4120.04,,
DEBIT,06/17/2024,"OPENAI HTTPSOPENAI.C CA                      06/15",-15.07,DEBIT_CARD,4137.99,,
DEBIT,06/17/2024,"UPGRADE, INC.    PAYMENT                    PPD ID: 1812807376",-334.43,MISC_DEBIT,4153.06,,
DEBIT,06/17/2024,"GIFT CARD GRANNY https://www.w PA            06/14",-103.95,DEBIT_CARD,4487.49,,
DEBIT,06/17/2024,"TRES CAMINOS MEXICAN MARTINSVILLE IN         06/14",-50.16,DEBIT_CARD,4591.44,,
DEBIT,06/17/2024,"Twilio RJL4RMCH3Q24MKG 844-8144627 CA        06/15",-100.00,DEBIT_CARD,4641.60,,
DEBIT,06/17/2024,"CREW CARWASH  - WEBCO 866-632-5627 IN        06/14",-29.99,DEBIT_CARD,4741.60,,
DEBIT,06/14/2024,"Online Payment 20803216043 To Marla Scherle 06/14",-500.00,BILLPAY,4771.59,,
DEBIT,06/14/2024,"MYOLLIE SUBSCRIPTION HTTPSMYOLLIE. NV        06/14",-239.33,DEBIT_CARD,5271.59,,
DEBIT,06/14/2024,"DEPT EDUCATION   STUDENT LN                 PPD ID: 9102002505",-1111.95,ACH_DEBIT,5510.92,,
CREDIT,06/14/2024,"SHOPIFY (USA) IN PAYROLL                    PPD ID: 2471039071",6227.14,ACH_CREDIT,6622.87,,
DEBIT,06/13/2024,"AES IN/EZP       UTILITYPMT 7103190         WEB ID: 0000007041",-84.44,ACH_DEBIT,395.73,,
DEBIT,06/13/2024,"Online Payment 20792721182 To Richard Crone 06/13",-250.00,BILLPAY,480.17,,
DEBIT,06/13/2024,"US PATENT TRADEMARK 571-272-6500 VA          06/12",-250.00,DEBIT_CARD,730.17,,
DEBIT,06/13/2024,"ZING! CAFE  LLC CARMEL IN                    06/12",-20.70,DEBIT_CARD,980.17,,
DEBIT,06/13/2024,"FREELANCER.COM LONDON                        06/08",-45.29,DEBIT_CARD,1000.87,,
DEBIT,06/12/2024,"COSTCO GAS #0347 INDIANAPOLIS IN     659218  06/12",-39.76,DEBIT_CARD,1046.16,,
DEBIT,06/12/2024,"WHOLEFDS CRL 104 14598 CARMEL IN     064351  06/12",-103.41,DEBIT_CARD,1085.92,,
DEBIT,06/12/2024,"RUOFF MUSIC CENTER 165-02396947 CA           06/12",-52.97,DEBIT_CARD,1189.33,,
DEBIT,06/12/2024,"OPENAI *CHATGPT SUBS HTTPSOPENAI.C CA        06/12",-20.00,DEBIT_CARD,1242.30,,
DEBIT,06/12/2024,"RUOFF MUSIC CENTER NOBLESVILLE IN            06/11",-49.70,DEBIT_CARD,1262.30,,
DEBIT,06/12/2024,"ZING! CAFE  LLC CARMEL IN                    06/11",-18.84,DEBIT_CARD,1312.00,,
DEBIT,06/11/2024,"AffirmCard       55NN AFFRM                 PPD ID: 1842224323",-200.00,MISC_DEBIT,1330.84,,
DEBIT,06/11/2024,"SP OLIPOP HTTPSOLIPOPST CA                   06/11",-32.73,DEBIT_CARD,1530.84,,
DEBIT,06/11/2024,"Best Egg         PAYMENT                    PPD ID: 2832915521",-178.90,ACH_DEBIT,1563.57,,
DEBIT,06/11/2024,"AES PLUS AES.COM VA                          06/11",-86.39,DEBIT_CARD,1742.47,,
DEBIT,06/11/2024,"TST* DANNY BOY BEER W 317-339-7952 IN        06/11",-11.54,DEBIT_CARD,1828.86,,
DEBIT,06/11/2024,"TST* DANNY BOY BEER WOR Carmel IN            06/10",-30.57,DEBIT_CARD,1840.40,,
DEBIT,06/11/2024,"ALTRA E*COM 888-851-9411 WI                  06/11",-224.70,DEBIT_CARD,1870.97,,
CREDIT,06/11/2024,"IN CHILD SUPPORT IN18000         0007886214 CCD ID: 1356000158",290.00,ACH_CREDIT,2095.67,,
DEBIT,06/10/2024,"TST* DANNY BOY BEER W 317-339-7952 IN        06/10",-16.99,DEBIT_CARD,1805.67,,
DEBIT,06/10/2024,"UIZARD COPENHAGEN                            06/10",-143.55,DEBIT_CARD,1822.66,,
DEBIT,06/10/2024,"TST* DANNY BOY BEER W 317-339-7952 IN        06/10",-55.57,DEBIT_CARD,1966.21,,
DEBIT,06/10/2024,"WWW.PRIMECARWASH.COM WWW.PRIMECARW IN        06/09",-249.00,DEBIT_CARD,2021.78,,
DEBIT,06/10/2024,"AMZN Mktp US*2Z8DA1L Amzn.com/bill WA        06/09",-57.69,DEBIT_CARD,2270.78,,
DEBIT,06/10/2024,"UIZARD COPENHAGEN                            06/08",-144.00,DEBIT_CARD,2328.47,,
DEBIT,06/10/2024,"CHICK-FIL-A #04978 CARMEL IN                 06/08",-16.04,DEBIT_CARD,2472.47,,
DEBIT,06/10/2024,"Amazon Tips*9L9Q40WM Amzn.com/bill WA        06/08",-7.00,DEBIT_CARD,2488.51,,
DEBIT,06/10/2024,"TST* DANNY BOY BEER WOR Carmel IN            06/07",-33.35,DEBIT_CARD,2495.51,,
DEBIT,06/10/2024,"ZING! CAFE  LLC CARMEL IN                    06/07",-3.02,DEBIT_CARD,2528.86,,
DEBIT,06/10/2024,"ZING! CAFE  LLC CARMEL IN                    06/07",-16.68,DEBIT_CARD,2531.88,,
DEBIT,06/10/2024,"CHICK-FIL-A #04978 CARMEL IN                 06/06",-18.46,DEBIT_CARD,2548.56,,
DEBIT,06/07/2024,"Amazon.com*UE70H3GT3 Amzn.com/bill WA        06/07",-152.85,DEBIT_CARD,2567.02,,
DEBIT,06/07/2024,"TST* BIRDIES - CLUBHOUS Westfield IN         06/06",-32.03,DEBIT_CARD,2719.87,,
DEBIT,06/07/2024,"VERDE FLAVORS OF MEXICO CARMEL IN            06/07",-45.70,DEBIT_CARD,2751.90,,
DEBIT,06/07/2024,"OBERER'S FLOWERS, INC 937-223-1253 OH        06/07",-139.64,DEBIT_CARD,2797.60,,
DEBIT,06/06/2024,"CAPITAL ONE      CRCARDPMT  3XMDBGCKXXNTFQZ WEB ID: 9541719318",-42.00,ACH_DEBIT,2937.24,,
DEBIT,06/06/2024,"VENMO            PAYMENT    1034848667999   WEB ID: 3264681992",-150.00,MISC_DEBIT,2979.24,,
DEBIT,06/06/2024,"SP GRASS ROOTS COOPE HTTPSGRASSROO AR        06/06",-181.72,DEBIT_CARD,3129.24,,
DEBIT,06/06/2024,"SP HONEYLOVE.COM HTTPSCHECKOUT CA            06/05",-51.00,DEBIT_CARD,3310.96,,
DEBIT,06/06/2024,"SP CADDIS CO. HTTPSCADDISLI UT               06/05",-102.72,DEBIT_CARD,3361.96,,
DEBIT,06/05/2024,"DUKEENERGY       BILL PAY   910105313273    WEB ID: DEIJPM4612",-74.81,ACH_DEBIT,3464.68,,
DEBIT,06/05/2024,"VENMO            REPAYMENT  1034817140042   WEB ID: 3364681992",-140.00,ACH_DEBIT,3539.49,,
DEBIT,06/05/2024,"TMF*Motley Fool 855-6953665 VA               06/04",-99.00,DEBIT_CARD,3679.49,,
DEBIT,06/05/2024,"CHICK-FIL-A #04978 CARMEL IN                 06/03",-13.18,DEBIT_CARD,3778.49,,
DEBIT,06/04/2024,"AffirmCard       55NG AFFRM                 PPD ID: 1842224323",-280.95,MISC_DEBIT,3791.67,,
DEBIT,06/04/2024,"TST* SAHMS ALE HOUSE VI Fishers IN           06/03",-34.01,DEBIT_CARD,4072.62,,
CREDIT,06/04/2024,"IN CHILD SUPPORT IN18000         0007886214 CCD ID: 1356000158",162.00,ACH_CREDIT,4106.63,,
CREDIT,06/04/2024,"IN CHILD SUPPORT IN18000         0007886214 CCD ID: 1356000158",452.00,ACH_CREDIT,3944.63,,
DEBIT,06/03/2024,"ACTIVE N FIT  NOW 844-646-2746 CA            06/03",-71.00,DEBIT_CARD,3492.63,,
DEBIT,06/03/2024,"PAYPAL           INST XFER  PPCR CC REPAYME WEB ID: PAYPALSI77",-85.00,ACH_DEBIT,3563.63,,
DEBIT,06/03/2024,"AFFIRM INC       AFFIRM PAY 3347610         WEB ID: 0000317218",-195.21,MISC_DEBIT,3648.63,,
DEBIT,06/03/2024,"VENMO            PAYMENT    1034770263813   WEB ID: 3264681992",-200.00,MISC_DEBIT,3843.84,,
DEBIT,06/03/2024,"PARAMOUNT+ 888-274-5343 CA                   06/03",-11.99,DEBIT_CARD,4043.84,,
DEBIT,06/03/2024,"TST* GLAD ENTERPRISES Carmel IN              06/02",-48.24,DEBIT_CARD,4055.83,,
DEBIT,06/03/2024,"TST* WILD EGGS - CARMEL CARMEL IN            06/03",-38.82,DEBIT_CARD,4104.07,,
DEBIT,06/03/2024,"GOOGLE *Workspace cc@google.com CA           06/01",-9.99,DEBIT_CARD,4142.89,,
DEBIT,06/03/2024,"GOOGLE *GSUITE_dayin cc@google.com CA        06/01",-22.80,DEBIT_CARD,4152.88,,
DEBIT,06/03/2024,"BETTER BODIES WC MEMBER PAY                 PPD ID: 1270559068",-54.00,ACH_DEBIT,4175.68,,
DEBIT,06/03/2024,"AMZN Mktp US*6Y3RA7H Amzn.com/bill WA        06/01",-28.24,DEBIT_CARD,4229.68,,
DEBIT,06/03/2024,"AMZN Mktp US*1J67S3Q Amzn.com/bill WA        06/01",-42.79,DEBIT_CARD,4257.92,,
DEBIT,06/03/2024,"SP ARBOLEAF SHOP HTTPSWWW.ARBO TX            05/31",-129.99,DEBIT_CARD,4300.71,,
DEBIT,05/31/2024,"Online Transfer to GMR ...3018 transaction#: 20941207948 05/31",-90.00,ACCT_XFER,4430.70,,
DEBIT,05/31/2024,"AMZN Mktp US*R996K9M Amzn.com/bill WA        05/31",-35.26,DEBIT_CARD,4520.70,,
DEBIT,05/31/2024,"Online Payment 20631687445 To Village of West Clay Owners Assc 05/31",-168.00,BILLPAY,4555.96,,
DEBIT,05/31/2024,"Online Payment 20619541373 To Wentworth 05/31",-246.61,BILLPAY,4723.96,,
DEBIT,05/31/2024,"Online Payment 20631661271 To Darla Crone 05/31",-1000.00,BILLPAY,4970.57,,
DEBIT,05/31/2024,"GOOGLE *YouTube Memb g.co/helppay# CA        05/30",-4.99,DEBIT_CARD,5970.57,,
DEBIT,05/31/2024,"CHICK-FIL-A #04978 CARMEL IN                 05/29",-18.46,DEBIT_CARD,5975.56,,
CREDIT,05/31/2024,"SHOPIFY (USA) IN PAYROLL                    PPD ID: 2471039071",5913.66,ACH_CREDIT,5994.02,,
DEBIT,05/30/2024,"VENMO            PAYMENT    1034701001875   WEB ID: 3264681992",-150.00,MISC_DEBIT,80.36,,
DEBIT,05/30/2024,"FLOW WATER USA FLOWHYDRATION VA              05/30",-68.37,DEBIT_CARD,230.36,,
DEBIT,05/30/2024,"IN BIZ CONV. FEE 615-730-6367 TN             05/28",-1.00,DEBIT_CARD,298.73,,
CREDIT,05/30/2024,"AffirmCard       55LD AFFRM                 PPD ID: 1842224323",122.87,MISC_CREDIT,299.73,,
DEBIT,05/29/2024,"OOVA LIFE OOVA.LIFE NY                       05/29",-135.15,DEBIT_CARD,176.86,,
DEBIT,05/29/2024,"AffirmCard       55LB AFFRM                 PPD ID: 1842224323",-6.14,MISC_DEBIT,312.01,,
DEBIT,05/29/2024,"Credit One Bank  Payment    53394349        WEB ID: WEB000004",-30.00,ACH_DEBIT,318.15,,
DEBIT,05/29/2024,"AMZN Mktp US*TC04H76 Amzn.com/bill WA        05/29",-44.92,DEBIT_CARD,348.15,,
DEBIT,05/29/2024,"eBay O*14-11623-34711 408-3766151 CA         05/29",-45.69,DEBIT_CARD,393.07,,
DEBIT,05/29/2024,"INDIANA SECRETARY OF 317-234-9768 IN         05/28",-20.00,DEBIT_CARD,438.76,,
CREDIT,05/29/2024,"Online Transfer from GMR ...3018 transaction#: 20923296292",90.00,ACCT_XFER,458.76,,
DEBIT,05/28/2024,"PELOTON* MEMBERSHIP HTTPSWWW.ONEP NY         05/28",-44.00,DEBIT_CARD,368.76,,
DEBIT,05/28/2024,"PROG PALOVERDE   INS PREM   905147028 Krist WEB ID: 9409348039",-152.83,ACH_DEBIT,412.76,,
DEBIT,05/28/2024,"Disney Plus 888-9057888 CA                   05/28",-11.00,DEBIT_CARD,565.59,,
DEBIT,05/28/2024,"PAYPAL           INST XFER  GOOGLE YOUTUBE  WEB ID: PAYPALSI77",-22.99,ACH_DEBIT,576.59,,
DEBIT,05/28/2024,"PAYPAL           INST XFER  GODADDY.COM     WEB ID: PAYPALSI77",-199.98,ACH_DEBIT,599.58,,
DEBIT,05/28/2024,"WHOLEFDS CRL 104 14598 CARMEL IN     131049  05/26",-146.92,DEBIT_CARD,799.56,,
DEBIT,05/28/2024,"Online Transfer to CHK ...9516 transaction#: 20896343657 05/28",-100.00,ACCT_XFER,946.48,,
DEBIT,05/28/2024,"PAPA JOHNS #1485 317-846-7272 IN             05/26",-27.75,DEBIT_CARD,1046.48,,
DEBIT,05/28/2024,"PAPA JOHNS #1485 317-846-7272 IN             05/25",-20.18,DEBIT_CARD,1074.23,,
DEBIT,05/28/2024,"DD DOORDASH CHICK-FIL 855-973-1040 CA        05/26",-37.50,DEBIT_CARD,1094.41,,
DEBIT,05/28/2024,"UBER   TRIP HELP.UBER.COM CA                 05/25",-83.38,DEBIT_CARD,1131.91,,
DEBIT,05/28/2024,"UBER   TRIP HELP.UBER.COM CA                 05/25",-34.02,DEBIT_CARD,1215.29,,
DEBIT,05/28/2024,"UBER   TRIP HELP.UBER.COM CA                 05/25",-7.00,DEBIT_CARD,1249.31,,
DEBIT,05/28/2024,"UBER   TRIP HELP.UBER.COM CA                 05/25",-25.01,DEBIT_CARD,1256.31,,
DEBIT,05/28/2024,"TST* DANNY BOY BEER WOR Carmel IN            05/24",-40.50,DEBIT_CARD,1281.32,,
DEBIT,05/24/2024,"AMZN Mktp US*BI1EC5W Amzn.com/bill WA        05/23",-90.45,DEBIT_CARD,1321.82,,
DEBIT,05/24/2024,"METABOLIC MEALS 636-2966325 MO               05/23",-97.69,DEBIT_CARD,1412.27,,
DEBIT,05/24/2024,"eBay O*21-11589-79035 San Jose CA            05/24",57.64,DEBIT_CARD,1509.96,,
DEBIT,05/23/2024,"ENDEAVOR COMMUNI TELE BILL                  PPD ID: 1350978228",-79.99,ACH_DEBIT,1452.32,,
DEBIT,05/23/2024,"VENMO            PAYMENT    1034560891401   WEB ID: 3264681992",-150.00,MISC_DEBIT,1532.31,,
DEBIT,05/23/2024,"AMZN Mktp US*9O52X0M Amzn.com/bill WA        05/22",-79.36,DEBIT_CARD,1682.31,,
DEBIT,05/23/2024,"SP TOPCLASSEXOTIC.CO EDMONTON AB             05/22",-79.95,DEBIT_CARD,1761.67,,
DEBIT,05/22/2024,"Amazon Tips*EB5D913Y Amzn.com/bill WA        05/22",-7.00,DEBIT_CARD,1841.62,,
DEBIT,05/22/2024,"PAYPAL           INST XFER  HULU            WEB ID: PAYPALSI77",-17.99,ACH_DEBIT,1848.62,,
DEBIT,05/22/2024,"SP EARTHHEROLLC HTTPSEARTHHER CO             05/22",-34.15,DEBIT_CARD,1866.61,,
DEBIT,05/22/2024,"eBay O*21-11589-79035 San Jose CA            05/22",-57.64,DEBIT_CARD,1900.76,,
DEBIT,05/22/2024,"OCULUS * E4MLN2U832 650-5434800 CA           05/21",-10.69,DEBIT_CARD,1958.40,,
DEBIT,05/21/2024,"Credit One Bank  Payment    61447525        WEB ID: WEB000004",-30.00,ACH_DEBIT,1969.09,,
DEBIT,05/21/2024,"Amazon.com*IK6SJ24G3 Amzn.com/bill WA        05/21",-94.36,DEBIT_CARD,1999.09,,
DEBIT,05/21/2024,"TST* SAHMS ALE HOUSE VI Fishers IN           05/20",-20.25,DEBIT_CARD,2093.45,,
DEBIT,05/20/2024,"AffirmCard       55L4 AFFRM                 PPD ID: 1842224323",-122.87,MISC_DEBIT,2113.70,,
DEBIT,05/20/2024,"AFFIRM INC       AFFIRM PAY 9380919         WEB ID: 0000317218",-79.64,MISC_DEBIT,2236.57,,
DEBIT,05/20/2024,"Online Transfer to CHK ...9516 transaction#: 20836011764 05/20",-100.00,ACCT_XFER,2316.21,,
DEBIT,05/20/2024,"WHOOP WWW.WHOOP.COM MA                       05/20",-32.10,DEBIT_CARD,2416.21,,
DEBIT,05/20/2024,"AFFIRM INC       AFFIRM PAY 9170008         WEB ID: 0000317218",-280.14,MISC_DEBIT,2448.31,,
DEBIT,05/20/2024,"ACTBLUE* MAD.DOG.PAC HTTPSSECURE.A MA        05/19",-10.00,DEBIT_CARD,2728.45,,
DEBIT,05/20/2024,"VERDE FLAVORS OF MEXICO CARMEL IN            05/20",-107.84,DEBIT_CARD,2738.45,,
DEBIT,05/20/2024,"Online Transfer to GMR ...3018 transaction#: 20827866824 05/20",-40.00,ACCT_XFER,2846.29,,
DEBIT,05/20/2024,"MCDONALD'S F33737 MOORESVILLE IN             05/19",-15.85,DEBIT_CARD,2886.29,,
DEBIT,05/20/2024,"Spectrum 855-707-7328 MO                     05/19",-99.99,DEBIT_CARD,2902.14,,
DEBIT,05/20/2024,"Online Transfer to GMR ...3018 transaction#: 20826050531 05/20",-80.00,ACCT_XFER,3002.13,,
DEBIT,05/20/2024,"GREAT LAKES ACE PLAINFIELD IN                05/18",-45.99,DEBIT_CARD,3082.13,,
DEBIT,05/20/2024,"COSTCO GAS #0347 INDIANAPOLIS IN     212218  05/18",-45.55,DEBIT_CARD,3128.12,,
DEBIT,05/20/2024,"CHICK-FIL-A #01628 INDIANAPOLIS IN           05/18",-20.92,DEBIT_CARD,3173.67,,
DEBIT,05/20/2024,"JDF PROFILE WEB  PROFILEWEB 510002370565    WEB ID: 9304935336",-642.55,ACH_DEBIT,3194.59,,
DEBIT,05/20/2024,"PERIFIT.CO PARIS                             05/17",-153.22,DEBIT_CARD,3837.14,,
DEBIT,05/20/2024,"TST* DANNY BOY BEER WOR Carmel IN            05/17",-58.58,DEBIT_CARD,3990.36,,
DEBIT,05/20/2024,"BRECKS 513-354-1482 OH                       05/18",-49.15,DEBIT_CARD,4048.94,,
DEBIT,05/20/2024,"TST* CAFE PATACHOU CLAY CARMEL IN            05/17",-104.91,DEBIT_CARD,4098.09,,
DSLIP,05/20/2024,"REMOTE ONLINE DEPOSIT #          1",758.84,CHECK_DEPOSIT,4203.00,1,
DEBIT,05/17/2024,"AffirmCard       55L1 AFFRM                 PPD ID: 1842224323",-35.00,MISC_DEBIT,3444.16,,
DEBIT,05/17/2024,"Online Payment 20493089670 To Marla Scherle 05/17",-500.00,BILLPAY,3479.16,,
DEBIT,05/17/2024,"MYOLLIE SUBSCRIPTION HTTPSMYOLLIE. NV        05/17",-239.33,DEBIT_CARD,3979.16,,
DEBIT,05/17/2024,"UPGRADE, INC.    PAYMENT                    PPD ID: 1812807376",-334.43,MISC_DEBIT,4218.49,,
DEBIT,05/17/2024,"PADDLE.NET* CLIPDROP PADDLE.COM NY           05/17",-9.00,DEBIT_CARD,4552.92,,
DEBIT,05/17/2024,"PRINTIFY.COM HTTPSPRINTIFY DE                05/16",-29.00,DEBIT_CARD,4561.92,,
DEBIT,05/17/2024,"Garnet Hill, Inc Franconia NH                05/16",-284.56,DEBIT_CARD,4590.92,,
DEBIT,05/16/2024,"Online Payment 20483622756 To Richard Crone 05/16",-250.00,BILLPAY,4875.48,,
DEBIT,05/16/2024,"VENMO            PAYMENT    1034420654122   WEB ID: 3264681992",-150.00,MISC_DEBIT,5125.48,,
DEBIT,05/16/2024,"CREW CARWASH  - WEBCO INDIANAPOLIS IN        05/14",-29.99,DEBIT_CARD,5275.48,,
DEBIT,05/15/2024,"PAYPAL           INST XFER  GOOGLE GOOGLE S WEB ID: PAYPALSI77",-9.99,ACH_DEBIT,5305.47,,
DEBIT,05/15/2024,"PAYPAL           INST XFER  NETFLIX.COM     WEB ID: PAYPALSI77",-22.99,ACH_DEBIT,5315.46,,
DEBIT,05/15/2024,"WHOLEFDS CRL 104 14598 CARMEL IN     354918  05/15",-114.59,DEBIT_CARD,5338.45,,
DEBIT,05/15/2024,"CAPITAL ONE AUTO DIRECTPAY                  PPD ID: 9541719802",-875.43,ACH_DEBIT,5453.04,,
DEBIT,05/15/2024,"Experian* Credit Repor 479-3436237 CA        05/15",-24.99,DEBIT_CARD,6328.47,,
DEBIT,05/15/2024,"SP SIMPLECOAT SIMPLECOAT.CO FL               05/14",-46.95,DEBIT_CARD,6353.46,,
CREDIT,05/15/2024,"Shopify          8CWAFAIZT6                 PPD ID: 9186939000",55.00,ACH_CREDIT,6400.41,,
CREDIT,05/15/2024,"Shopify          LWEMF9CKAK                 PPD ID: 9186939000",55.00,ACH_CREDIT,6345.41,,
CREDIT,05/15/2024,"SHOPIFY (USA) IN PAYROLL                    PPD ID: 2471039071",6227.14,ACH_CREDIT,6290.41,,
DEBIT,05/14/2024,"SP OLIPOP HTTPSOLIPOPST CA                   05/14",-32.73,DEBIT_CARD,63.27,,
DEBIT,05/14/2024,"SP JOURNEY US HTTPSJOURNEYO CA               05/14",-134.98,DEBIT_CARD,96.00,,
DEBIT,05/14/2024,"DEPT EDUCATION   STUDENT LN                 PPD ID: 9102001303",-1111.95,ACH_DEBIT,230.98,,
DEBIT,05/14/2024,"STUDYFETCH HTTPSWWW.STUD CA                  05/13",-11.99,DEBIT_CARD,1342.93,,
CREDIT,05/14/2024,"IN CHILD SUPPORT IN18000         0007886214 CCD ID: 1356000158",290.00,ACH_CREDIT,1354.92,,
DEBIT,05/13/2024,"PAYPAL           INST XFER  PARKMOBILE      WEB ID: PAYPALSI77",-5.60,ACH_DEBIT,1064.92,,
DEBIT,05/13/2024,"AES IN/EZP       UTILITYPMT 7292347         WEB ID: 0000007041",-37.51,ACH_DEBIT,1070.52,,
DEBIT,05/13/2024,"AffirmCard       55KX AFFRM                 PPD ID: 1842224323",-122.17,MISC_DEBIT,1108.03,,
DEBIT,05/13/2024,"PAYPAL           INST XFER  PARKMOBILE      WEB ID: PAYPALSI77",-3.85,ACH_DEBIT,1230.20,,
DEBIT,05/13/2024,"CHATGPT SUBSCRIPTION HTTPSOPENAI.C CA        05/12",-20.00,DEBIT_CARD,1234.05,,
DEBIT,05/13/2024,"DD DOORDASH WILDEGGS 855-973-1040 CA         05/11",-58.74,DEBIT_CARD,1254.05,,
DEBIT,05/13/2024,"SUNDRY & VICE INDIANAPOLIS IN                05/10",-195.52,DEBIT_CARD,1312.79,,
DEBIT,05/13/2024,"MASS. AVENUE PUB 317-9740745 IN              05/10",-17.50,DEBIT_CARD,1508.31,,
DEBIT,05/13/2024,"MASS. AVENUE PUB 317-9740745 IN              05/10",-47.00,DEBIT_CARD,1525.81,,
DEBIT,05/13/2024,"Best Egg         PAYMENT                    PPD ID: 2832915521",-178.90,ACH_DEBIT,1572.81,,
DEBIT,05/13/2024,"COACHES TAVERN INDIANAPOLIS IN               05/10",-65.15,DEBIT_CARD,1751.71,,
DEBIT,05/13/2024,"1GAINBRIDGE FIELDHOUS INDIANAPOLIS IN        05/10",-37.41,DEBIT_CARD,1816.86,,
DEBIT,05/13/2024,"TST* INDIANA PENN CEN 317-762-8000 IN        05/11",-36.39,DEBIT_CARD,1854.27,,
DEBIT,05/13/2024,"CHICK-FIL-A #01628 INDIANAPOLIS IN           05/10",-8.37,DEBIT_CARD,1890.66,,
DEBIT,05/13/2024,"FSP*URBAN SOCIETY SALON CARMEL IN            05/10",-327.63,DEBIT_CARD,1899.03,,
DEBIT,05/10/2024,"Online Transfer to CHK ...9516 transaction#: 20743414366 05/10",-100.00,ACCT_XFER,2226.66,,
DEBIT,05/10/2024,"AffirmCard       55KU AFFRM                 PPD ID: 1842224323",-35.00,MISC_DEBIT,2326.66,,
DEBIT,05/10/2024,"ACE HARDWARE CORPORAT 800-453-0660 IL        05/09",-64.54,DEBIT_CARD,2361.66,,
DEBIT,05/09/2024,"PAYPAL           INST XFER  GODADDY.COM     WEB ID: PAYPALSI77",-19.99,ACH_DEBIT,2426.20,,
DEBIT,05/09/2024,"THEBARRECODE HTTPSTHEBARRE IN                05/09",-69.00,DEBIT_CARD,2446.19,,
DEBIT,05/09/2024,"VENMO            PAYMENT    1034276485942   WEB ID: 3264681992",-150.00,MISC_DEBIT,2515.19,,
DEBIT,05/09/2024,"TST* DANNY BOY BEER WOR Carmel IN            05/08",-16.54,DEBIT_CARD,2665.19,,
DEBIT,05/09/2024,"TST* SAHMS ALE HOUSE VI Fishers IN           05/08",-10.07,DEBIT_CARD,2681.73,,
DEBIT,05/08/2024,"AMZN Mktp US*E74LJ1T Amzn.com/bill WA        05/07",-25.65,DEBIT_CARD,2691.80,,
DEBIT,05/08/2024,"AMZN Mktp US*9Y2TC7Q Amzn.com/bill WA        05/07",-29.96,DEBIT_CARD,2717.45,,
DEBIT,05/08/2024,"CHICK-FIL-A #01628 INDIANAPOLIS IN           05/06",-20.92,DEBIT_CARD,2747.41,,
DEBIT,05/07/2024,"OTTER.AI HTTPSOTTER.AI CA                    05/07",-109.99,DEBIT_CARD,2768.33,,
DEBIT,05/07/2024,"AMZN Mktp US*VR93F1N Amzn.com/bill WA        05/07",-41.98,DEBIT_CARD,2878.32,,
DEBIT,05/07/2024,"Online Payment 20703848500 To Kays CPA Group P.C. 05/07",-640.00,BILLPAY,2920.30,,
DEBIT,05/07/2024,"TACO BELL 3001075 CARMEL IN                  05/06",-4.00,DEBIT_CARD,3560.30,,
DEBIT,05/06/2024,"PAYPAL           INST XFER  GODADDY.COM     WEB ID: PAYPALSI77",-47.99,ACH_DEBIT,3564.30,,
DEBIT,05/06/2024,"WHOLEFDS CRL 104 14598 CARMEL IN             05/06 Purchase $178.70 Cash Back $20.00",-198.70,DEBIT_CARD,3612.29,,
DEBIT,05/06/2024,"CAPITAL ONE      CRCARDPMT  3XFTQG95JOF56NV WEB ID: 9541719318",-41.00,ACH_DEBIT,3810.99,,
DEBIT,05/06/2024,"Online Payment 20542435077 To Chad Snyder 05/06",-150.00,BILLPAY,3851.99,,
DEBIT,05/06/2024,"DUKEENERGY       BILL PAY   910105313273    WEB ID: DEIJPM4612",-108.93,ACH_DEBIT,4001.99,,
DEBIT,05/06/2024,"VENMO            REPAYMENT  1034177976298   WEB ID: 3364681992",-126.00,ACH_DEBIT,4110.92,,
DEBIT,05/06/2024,"COX'S PLANT FARM INC CLAYTON IN              05/05",-78.05,DEBIT_CARD,4236.92,,
DEBIT,05/06/2024,"MCDONALD'S F33737 MOORESVILLE IN             05/05",-11.54,DEBIT_CARD,4314.97,,
DEBIT,05/06/2024,"LOVE'S #0254 OUTSIDE MOORESVILLE IN  386705  05/05",-48.88,DEBIT_CARD,4326.51,,
DEBIT,05/06/2024,"COACHES TAVERN INDIANAPOLIS IN               05/04",-41.50,DEBIT_CARD,4375.39,,
DEBIT,05/06/2024,"TST* CAFE PATACHOU CLAY CARMEL IN            05/04",-41.61,DEBIT_CARD,4416.89,,
DEBIT,05/06/2024,"THE HOME DEPOT 2037 CARMEL IN        572645  05/04",-11.74,DEBIT_CARD,4458.50,,
DEBIT,05/06/2024,"TST* DANNY BOY BEER WOR Carmel IN            05/03",-16.54,DEBIT_CARD,4470.24,,
DEBIT,05/06/2024,"ZING! CAFE  LLC CARMEL IN                    05/03",-15.50,DEBIT_CARD,4486.78,,
DEBIT,05/03/2024,"AffirmCard       55KN AFFRM                 PPD ID: 1842224323",-35.00,MISC_DEBIT,4502.28,,
DEBIT,05/03/2024,"ACTIVE N FIT  NOW 844-646-2746 CA            05/03",-170.00,DEBIT_CARD,4537.28,,
DEBIT,05/03/2024,"PAYPAL           INST XFER  PPCR CC REPAYME WEB ID: PAYPALSI77",-78.00,ACH_DEBIT,4707.28,,
DEBIT,05/03/2024,"VENMO            PAYMENT    1034151385477   WEB ID: 3264681992",-20.00,MISC_DEBIT,4785.28,,
DEBIT,05/03/2024,"VENMO            PAYMENT    1034150692697   WEB ID: 3264681992",-50.00,MISC_DEBIT,4805.28,,
DEBIT,05/03/2024,"PARAMOUNT+ 888-274-5343 CA                   05/03",-11.99,DEBIT_CARD,4855.28,,
DEBIT,05/03/2024,"Online Payment 20658050594 To Chad Snyder 05/03",-100.00,BILLPAY,4867.27,,
DEBIT,05/03/2024,"LE MERIDIEN INDIANAPO INDIANAPOLIS IN        05/02",-29.17,DEBIT_CARD,4967.27,,
DEBIT,05/03/2024,"UBER   TRIP HELP.UBER.COM CA                 05/03",-21.05,DEBIT_CARD,4996.44,,
DEBIT,05/03/2024,"MCDONALD'S F4407 INDIANAPOLIS IN             05/02",-4.01,DEBIT_CARD,5017.49,,
CREDIT,05/03/2024,"IN CHILD SUPPORT IN18000         0007886214 CCD ID: 1356000158",388.00,ACH_CREDIT,5021.50,,
CREDIT,05/03/2024,"IN CHILD SUPPORT IN18000         0007886214 CCD ID: 1356000158",452.00,ACH_CREDIT,4633.50,,
DEBIT,05/02/2024,"PAYPAL           INST XFER  PARKMOBILE      WEB ID: PAYPALSI77",-12.85,ACH_DEBIT,4181.50,,
DEBIT,05/02/2024,"VENMO            PAYMENT    1034128537960   WEB ID: 3264681992",-150.00,MISC_DEBIT,4194.35,,
DEBIT,05/02/2024,"GOOGLE *Workspace cc@google.com CA           05/01",-9.99,DEBIT_CARD,4344.35,,
DEBIT,05/01/2024,"SP GROW ARBER HTTPSGROWARBE CA               05/01",-140.40,DEBIT_CARD,4354.34,,
DEBIT,05/01/2024,"GOOGLE *GSUITE_dayin cc@google.com CA        05/01",-22.80,DEBIT_CARD,4494.74,,
DEBIT,05/01/2024,"Online Payment 20325603086 To Village of West Clay Owners Assc 05/01",-168.00,BILLPAY,4517.54,,
DEBIT,05/01/2024,"Online Payment 20325729936 To Darla Crone 05/01",-1000.00,BILLPAY,4685.54,,
DEBIT,05/01/2024,"BETTER BODIES WC MEMBER PAY                 PPD ID: 1270559068",-84.00,ACH_DEBIT,5685.54,,
DEBIT,05/01/2024,"GREEKS PIZZERIA CARMEL CARMEL IN             04/30",-33.94,DEBIT_CARD,5769.54,,
DEBIT,05/01/2024,"CHICK-FIL-A #01628 INDIANAPOLIS IN           04/29",-20.92,DEBIT_CARD,5803.48,,
DEBIT,04/30/2024,"GOOGLE *YouTube Memb g.co/helppay# CA        04/30",-4.99,DEBIT_CARD,5824.40,,
DEBIT,04/30/2024,"Online Payment 20294359964 To Wentworth 04/30",-246.61,BILLPAY,5829.39,,
DEBIT,04/30/2024,"FLOW WATER USA FLOWHYDRATION VA              04/30",-68.37,DEBIT_CARD,6076.00,,
DEBIT,04/30/2024,"GILLEY'S ANTIQUE & DECO PLAINFIELD IN        04/28",-90.95,DEBIT_CARD,6144.37,,
CREDIT,04/30/2024,"SHOPIFY (USA) IN PAYROLL                    PPD ID: 2471039071",6227.14,ACH_CREDIT,6235.32,,
DEBIT,04/29/2024,"AffirmCard       55IL AFFRM                 PPD ID: 1842224323",-162.19,MISC_DEBIT,8.18,,
DEBIT,04/29/2024,"PROG PALOVERDE   INS PREM   905147028 Krist WEB ID: 9409348039",-167.20,ACH_DEBIT,170.37,,
DEBIT,04/29/2024,"PAYPAL           INST XFER  GOOGLE YOUTUBE  WEB ID: PAYPALSI77",-22.99,ACH_DEBIT,337.57,,
DEBIT,04/29/2024,"PELOTON* MEMBERSHIP HTTPSWWW.ONEP NY         04/28",-44.00,DEBIT_CARD,360.56,,
DEBIT,04/29/2024,"COX'S PLANT FARM INC CLAYTON IN              04/28",-72.00,DEBIT_CARD,404.56,,
DEBIT,04/29/2024,"Disney Plus 888-9057888 CA                   04/28",-11.00,DEBIT_CARD,476.56,,
DEBIT,04/29/2024,"MCDONALD'S F33737 MOORESVILLE IN             04/27",-5.28,DEBIT_CARD,487.56,,
DEBIT,04/29/2024,"LOWE'S #1525 CARMEL IN               606500  04/27",-35.27,DEBIT_CARD,492.84,,
DEBIT,04/29/2024,"PARAMOUNT+ 888-274-5343 CA                   04/27",-11.99,DEBIT_CARD,528.11,,
DEBIT,04/29/2024,"Credit One Bank  Payment    53394349        WEB ID: WEB000004",-30.00,ACH_DEBIT,540.10,,
DEBIT,04/29/2024,"AMAZON PRIME*9A7S466P 888-802-3080 WA        04/26",-14.86,DEBIT_CARD,570.10,,
DEBIT,04/29/2024,"TST* SAHMS ALE HOUSE VI Fishers IN           04/26",-20.42,DEBIT_CARD,584.96,,
DEBIT,04/29/2024,"SP LORENS AF BEV 131-76708661 IN             04/26",-179.76,DEBIT_CARD,605.38,,
DEBIT,04/29/2024,"TST* CAFE PATACHOU CLAY CARMEL IN            04/26",-54.50,DEBIT_CARD,785.14,,
DEBIT,04/26/2024,"SP KICKSCREW HTTPSWWW.KICK NY                04/26",-204.37,DEBIT_CARD,839.64,,
DEBIT,04/26/2024,"PAYPAL           INST XFER  HARRYDAVID      WEB ID: PAYPALSI77",-234.75,ACH_DEBIT,1044.01,,
DEBIT,04/26/2024,"FLT*BLOOMSTODAY 800-5200573 VA               04/25",-112.35,DEBIT_CARD,1278.76,,
DEBIT,04/26/2024,"AMZN Mktp US*ZH9K139 Amzn.com/bill WA        04/26",-105.35,DEBIT_CARD,1391.11,,
DEBIT,04/26/2024,"ANTHROPOLOGIE.COM 800-309-2500 PA            04/25",-62.06,DEBIT_CARD,1496.46,,
DEBIT,04/25/2024,"PAYPAL           INST XFER  EDENBROTHER     WEB ID: PAYPALSI77",-20.66,ACH_DEBIT,1558.52,,
DEBIT,04/25/2024,"SQ *FUNDAE'S ICE CREAM Carmel IN             04/24",-15.94,DEBIT_CARD,1579.18,,
DEBIT,04/25/2024,"FSP*URBAN SOCIETY SALON CARMEL IN            04/24",-65.94,DEBIT_CARD,1595.12,,
DEBIT,04/24/2024,"GEMPLERS 800-3828473 WI                      04/23",-3.83,DEBIT_CARD,1661.06,,
CREDIT,04/24/2024,"IRS  TREAS 310     TAX REF                  PPD ID: 9111736959",1590.00,ACH_CREDIT,1664.89,,
DEBIT,04/23/2024,"ENDEAVOR COMMUNI TELE BILL                  PPD ID: 1350978228",-79.99,ACH_DEBIT,74.89,,
CREDIT,04/23/2024,"APPLE CASH       BANK XFER  Kristin  Day    WEB ID: 6192912998",148.37,ACH_CREDIT,154.88,,
DEBIT,04/22/2024,"AffirmCard       55IE AFFRM                 PPD ID: 1842224323",-98.69,MISC_DEBIT,6.51,,
DEBIT,04/22/2024,"PAYPAL           INST XFER  HULU            WEB ID: PAYPALSI77",-17.99,ACH_DEBIT,105.20,,
DEBIT,04/22/2024,"Online Payment 20402573330 To Chad Snyder 04/22",-150.00,BILLPAY,123.19,,
DEBIT,04/22/2024,"KNOWLEDGECONNEX WWW.KNOWLEDGE GA             04/22",-25.00,DEBIT_CARD,273.19,,
DEBIT,04/22/2024,"AFFIRM INC       AFFIRM PAY 0011872         WEB ID: 0000317218",-79.64,MISC_DEBIT,298.19,,
DEBIT,04/22/2024,"Oculus Digital MQY7RZX 650-5434800 CA        04/21",-10.69,DEBIT_CARD,377.83,,
DEBIT,04/22/2024,"COX'S PLANT FARM INC CLAYTON IN              04/20",-10.13,DEBIT_CARD,388.52,,
DEBIT,04/22/2024,"TST* PETITE CHOU BIST INDIANAPOLIS IN        04/20",-36.79,DEBIT_CARD,398.65,,
DEBIT,04/22/2024,"UBER   TRIP HELP.UBER.COM CA                 04/20",-20.89,DEBIT_CARD,435.44,,
DEBIT,04/22/2024,"WHOOP WWW.WHOOP.COM MA                       04/20",-32.10,DEBIT_CARD,456.33,,
DEBIT,04/22/2024,"UBER   TRIP HELP.UBER.COM CA                 04/20",-41.80,DEBIT_CARD,488.43,,
DEBIT,04/22/2024,"JDF PROFILE WEB  PROFILEWEB 510002370565    WEB ID: 9304935336",-642.55,ACH_DEBIT,530.23,,
DEBIT,04/22/2024,"Monterey Coastal Cuisi Carmel IN             04/20",-52.51,DEBIT_CARD,1172.78,,
DEBIT,04/22/2024,"SQ *UNION BREWING COMPA Carmel IN            04/19",-15.96,DEBIT_CARD,1225.29,,
DEBIT,04/22/2024,"TST* DANNY BOY BEER WOR Carmel IN            04/19",-47.04,DEBIT_CARD,1241.25,,
DEBIT,04/22/2024,"AMZN Mktp US*RI16A69 Amzn.com/bill WA        04/19",-64.19,DEBIT_CARD,1288.29,,
DEBIT,04/19/2024,"PAYPAL           INST XFER  GITHUB INC      WEB ID: PAYPALSI77",-1.62,ACH_DEBIT,1352.48,,
DEBIT,04/19/2024,"Spectrum 855-707-7328 MO                     04/19",-99.99,DEBIT_CARD,1354.10,,
DEBIT,04/19/2024,"MYOLLIE SUBSCRIPTION HTTPSMYOLLIE. NV        04/19",-239.33,DEBIT_CARD,1454.09,,
DEBIT,04/19/2024,"Credit One Bank  Payment    61447525        WEB ID: WEB000004",-30.00,ACH_DEBIT,1693.42,,
DEBIT,04/19/2024,"GEMPLERS 800-3828473 WI                      04/18",-149.47,DEBIT_CARD,1723.42,,
DEBIT,04/18/2024,"SQ *JAVA HOUSE Zionsville IN                 04/18",-6.81,DEBIT_CARD,1872.89,,
DEBIT,04/17/2024,"Online Payment 20159355764 To Marla Scherle 04/17",-500.00,BILLPAY,1879.70,,
DEBIT,04/17/2024,"UPGRADE, INC.    PAYMENT                    PPD ID: 1812807376",-334.43,MISC_DEBIT,2379.70,,
DEBIT,04/17/2024,"PADDLE.NET* CLIPDROP PADDLE.COM NY           04/17",-9.00,DEBIT_CARD,2714.13,,
DEBIT,04/17/2024,"TST* THE GOAT Carmel IN                      04/16",-12.08,DEBIT_CARD,2723.13,,
DEBIT,04/17/2024,"TST* THE GOAT Carmel IN                      04/16",-12.08,DEBIT_CARD,2735.21,,
DEBIT,04/17/2024,"Monterey Coastal Cuisi Carmel IN             04/17",-39.43,DEBIT_CARD,2747.29,,
DEBIT,04/17/2024,"PRINTIFY.COM HTTPSPRINTIFY DE                04/16",-29.00,DEBIT_CARD,2786.72,,
DEBIT,04/16/2024,"AFFIRM INC       AFFIRM PAY 8813302         WEB ID: 0000317218",-63.82,MISC_DEBIT,2815.72,,
DEBIT,04/16/2024,"AFFIRM INC       AFFIRM PAY 8813309         WEB ID: 0000317218",-140.07,MISC_DEBIT,2879.54,,
DEBIT,04/16/2024,"AffirmCard       55I8 AFFRM                 PPD ID: 1842224323",-35.00,MISC_DEBIT,3019.61,,
DEBIT,04/16/2024,"SP ARBOLEAF SHOP HTTPSWWW.ARBO TX            04/16",-129.99,DEBIT_CARD,3054.61,,
DEBIT,04/16/2024,"Online Payment 20159369541 To Richard Crone 04/16",-250.00,BILLPAY,3184.60,,
DEBIT,04/16/2024,"DEPT EDUCATION   STUDENT LN                 PPD ID: 9102001303",-1111.95,ACH_DEBIT,3434.60,,
DEBIT,04/16/2024,"TST* SAHMS ALE HOUSE VI Fishers IN           04/15",-133.51,DEBIT_CARD,4546.55,,
DEBIT,04/16/2024,"AMZN Mktp US*U89FY04 Amzn.com/bill WA        04/16",-26.75,DEBIT_CARD,4680.06,,
DEBIT,04/16/2024,"GOOGLE *Google Store 855-836-3987 CA         04/15",-159.43,DEBIT_CARD,4706.81,,
DEBIT,04/16/2024,"MCDONALD'S F33737 MOORESVILLE IN             04/15",-9.00,DEBIT_CARD,4866.24,,
DEBIT,04/16/2024,"CREW CARWASH - 996-2 INDIANAPOLIS IN         04/14",-29.99,DEBIT_CARD,4875.24,,
CREDIT,04/16/2024,"OPPORTUNITY FINA ADJUSTMENT                 PPD ID: 7271061911",5.00,ACH_CREDIT,4905.23,,
CREDIT,04/16/2024,"IN CHILD SUPPORT IN18000         0007886214 CCD ID: 1356000158",64.00,ACH_CREDIT,4900.23,,
DEBIT,04/15/2024,"PAYPAL           INST XFER  GOOGLE GOOGLE S WEB ID: PAYPALSI77",-9.99,ACH_DEBIT,4836.23,,
DEBIT,04/15/2024,"PAYPAL           INST XFER  NETFLIX.COM     WEB ID: PAYPALSI77",-22.99,ACH_DEBIT,4846.22,,
DEBIT,04/15/2024,"PAYPAL           INST XFER  TRACTORSUPP     WEB ID: PAYPALSI77",-181.89,ACH_DEBIT,4869.21,,
DEBIT,04/15/2024,"CAPITAL ONE AUTO DIRECTPAY                  PPD ID: 9541719802",-875.43,ACH_DEBIT,5051.10,,
DEBIT,04/15/2024,"AffirmCard       55I7 AFFRM                 PPD ID: 1842224323",-109.68,MISC_DEBIT,5926.53,,
DEBIT,04/15/2024,"Experian* Credit Repor 479-3436237 CA        04/15",-24.99,DEBIT_CARD,6036.21,,
DEBIT,04/15/2024,"TACO BELL 36538 PLAINFIELD IN                04/14",-11.00,DEBIT_CARD,6061.20,,
DEBIT,04/15/2024,"GREAT LAKES ACE PLAINFIELD IN                04/14",-146.00,DEBIT_CARD,6072.20,,
DEBIT,04/15/2024,"STARBUCKS STORE 02656 PLAINFIELD IN          04/14",-14.33,DEBIT_CARD,6218.20,,
DEBIT,04/15/2024,"ACE HARDWARE CORPORAT 800-453-0660 IL        04/15",-212.93,DEBIT_CARD,6232.53,,
DEBIT,04/15/2024,"SP STORI FOOTWEAR HTTPSSTORIFOO TX           04/14",-100.99,DEBIT_CARD,6445.46,,
DEBIT,04/15/2024,"NIKE.COM AP NIKE.COM OR                      04/15",-81.29,DEBIT_CARD,6546.45,,
DEBIT,04/15/2024,"STUDYFETCH HTTPSWWW.STUD CA                  04/13",-11.99,DEBIT_CARD,6627.74,,
DEBIT,04/15/2024,"COX'S PLANT FARM INC CLAYTON IN              04/13",-256.05,DEBIT_CARD,6639.73,,
DEBIT,04/15/2024,"TST* CAFE PATACHOU CLAY CARMEL IN            04/13",-67.32,DEBIT_CARD,6895.78,,
DEBIT,04/15/2024,"WHOLEFDS CRL 104 14598 CARMEL IN     921271  04/13",-97.48,DEBIT_CARD,6963.10,,
DEBIT,04/15/2024,"TST* THE GOAT Carmel IN                      04/12",-29.04,DEBIT_CARD,7060.58,,
DEBIT,04/15/2024,"GREEKS PIZZERIA CARMEL IN                    04/12",-41.57,DEBIT_CARD,7089.62,,
DEBIT,04/15/2024,"FSP*URBAN SOCIETY SALON CARMEL IN            04/12",-79.02,DEBIT_CARD,7131.19,,
CREDIT,04/15/2024,"SHOPIFY (USA) IN PAYROLL                    PPD ID: 2471039071",5986.74,ACH_CREDIT,7210.21,,
DEBIT,04/12/2024,"CHATGPT SUBSCRIPTION HTTPSOPENAI.C CA        04/12",-20.00,DEBIT_CARD,1223.47,,
DEBIT,04/12/2024,"SP BARNSWALLOW FLOWE HTTPSBARNSWAL IA        04/11",-10.00,DEBIT_CARD,1243.47,,
DEBIT,04/11/2024,"Best Egg         PAYMENT                    PPD ID: 2832915521",-178.90,ACH_DEBIT,1253.47,,
DEBIT,04/11/2024,"TST* SAHMS ALE HOUSE VI Fishers IN           04/10",-27.06,DEBIT_CARD,1432.37,,
DEBIT,04/11/2024,"ZING! CAFE  LLC CARMEL IN                    04/10",-8.10,DEBIT_CARD,1459.43,,
DEBIT,04/11/2024,"CHICK-FIL-A #01628 INDIANAPOLIS IN           04/09",-20.63,DEBIT_CARD,1467.53,,
